<DATE>;<TIME>;<LAST>;<VOL>;<ID>;<OPER>
20240116;095951;1548;1;9393886538;S
20240116;095951;1548;1;9393886539;S
20240116;095951;1548;3;9393886540;S
20240116;095951;1548;1;9393886541;S
20240116;095951;1548;30;9393886542;S
20240116;095951;1548;2;9393886543;S
20240116;095951;1548;10;9393886544;S
20240116;095951;1548;40;9393886545;S
20240116;095951;1548;5;9393886546;S
20240116;095951;1548;1;9393886547;S
20240116;095951;1548;17;9393886548;S
20240116;095951;1548;1;9393886549;S
20240116;095951;1548;9;9393886550;S
20240116;095951;1548;25;9393886551;S
20240116;095951;1548;120;9393886552;S
20240116;095951;1548;5;9393886553;S
20240116;095951;1548;3;9393886554;S
20240116;095951;1548;11;9393886555;S
20240116;095951;1548;6;9393886556;B
20240116;095951;1548;1;9393886557;B
20240116;095951;1548;13;9393886558;B
20240116;095951;1548;10;9393886559;B
20240116;095951;1548;10;9393886560;B
20240116;095951;1548;1;9393886561;B
20240116;095951;1548;1;9393886562;B
20240116;095951;1548;21;9393886563;B
20240116;095951;1548;70;9393886564;B
20240116;095951;1548;20;9393886565;B
20240116;095951;1548;239;9393886566;B
20240116;095951;1548;1;9393886567;B
20240116;095951;1548;4;9393886568;B
20240116;095951;1548;1;9393886569;B
20240116;095951;1548;15;9393886570;B
20240116;095951;1548;1;9393886571;B
20240116;095951;1548;1;9393886572;B
20240116;095951;1548;1;9393886573;B
20240116;095951;1548;20;9393886574;B
20240116;095951;1548;2;9393886575;B
20240116;095951;1548;5;9393886576;B
20240116;095951;1548;1;9393886577;S
20240116;095951;1548;8;9393886578;B
20240116;095951;1548;11;9393886579;B
20240116;095951;1548;1;9393886580;S
20240116;095951;1548;1;9393886581;S
20240116;095951;1548;1;9393886582;S
20240116;095951;1548;1;9393886583;S
20240116;095951;1548;10;9393886584;S
20240116;095951;1548;1;9393886585;S
20240116;095951;1548;2;9393886586;S
20240116;095951;1548;2;9393886587;B
20240116;095951;1548;3;9393886588;B
20240116;095951;1548;5;9393886589;B
20240116;095951;1548;4;9393886590;B
20240116;095951;1548;2;9393886591;S
20240116;095951;1548;2;9393886592;S
20240116;095951;1548;50;9393886593;S
20240116;095951;1548;1;9393886594;S
20240116;095951;1548;1;9393886595;S
20240116;095951;1548;1;9393886596;S
20240116;095951;1548;1;9393886597;S
20240116;095951;1548;4;9393886598;S
20240116;095951;1548;1;9393886599;S
20240116;095951;1548;1;9393886600;S
20240116;095951;1548;35;9393886601;S
20240116;095951;1548;10;9393886602;B
20240116;095951;1548;10;9393886603;B
20240116;095951;1548;6;9393886604;B
20240116;095951;1548;1;9393886605;B
20240116;095951;1548;116;9393886606;B
20240116;095951;1548;1;9393886607;B
20240116;095951;1548;1;9393886608;B
20240116;095951;1548;3;9393886609;B
20240116;095951;1548;46;9393886610;B
20240116;095951;1548;3;9393886611;B
20240116;095951;1548;2;9393886612;B
20240116;095951;1548;6;9393886613;S
20240116;095951;1548;43;9393886614;S
20240116;095951;1548;55;9393886615;B
20240116;095951;1548;2;9393886616;S
20240116;095951;1548;4;9393886617;S
20240116;095951;1548;1;9393886618;S
20240116;095951;1548;1;9393886619;S
20240116;095951;1548;1;9393886620;B
20240116;095951;1548;68;9393886621;S
20240116;095951;1548;1;9393886622;S
20240116;095951;1548;3;9393886623;S
20240116;095951;1548;3;9393886624;S
20240116;095951;1548;1;9393886625;S
20240116;095951;1548;1;9393886626;S
20240116;095951;1548;1;9393886627;S
20240116;095951;1548;7;9393886628;S
20240116;095951;1548;15;9393886629;B
20240116;095951;1548;1;9393886630;B
20240116;095951;1548;49;9393886631;B
20240116;095951;1548;1;9393886632;B
20240116;095951;1548;6;9393886633;B
20240116;095951;1548;1;9393886634;B
20240116;095951;1548;7;9393886635;B
20240116;095951;1548;3;9393886636;B
20240116;100000;1547;20;9393889254;S
20240116;100000;1547;2;9393889255;S
20240116;100000;1547;1;9393889256;S
20240116;100000;1546.6;113;9393889333;B
20240116;100000;1546.6;61;9393889334;B
20240116;100000;1546.6;3;9393889335;B
20240116;100000;1546.6;100;9393889336;B
20240116;100000;1546.8;2;9393889357;B
20240116;100000;1547;1;9393889358;B
20240116;100000;1546.6;258;9393889447;B
20240116;100000;1548;9;9393890075;B
20240116;100000;1548;65;9393890076;B
20240116;100000;1548.2;20;9393890085;B
20240116;100000;1548.2;67;9393890086;B
20240116;100000;1548.2;20;9393890087;B
20240116;100000;1548.2;1;9393890088;B
20240116;100000;1548.2;51;9393890089;B
20240116;100000;1548.2;49;9393890090;B
20240116;100000;1548.4;25;9393890094;B
20240116;100000;1548.4;25;9393890095;B
20240116;100000;1548.4;1;9393890096;B
20240116;100000;1549;65;9393890121;B
20240116;100001;1548.6;12;9393890372;B
20240116;100001;1548.4;45;9393890410;S
20240116;100001;1548.2;30;9393890482;S
20240116;100001;1548;10;9393890495;S
20240116;100001;1548.6;7;9393890624;B
20240116;100001;1549.2;1;9393890799;B
20240116;100001;1548.8;65;9393890891;B
20240116;100002;1548;1;9393890982;S
20240116;100002;1547.8;4;9393890983;S
20240116;100002;1548.8;10;9393891230;B
20240116;100002;1548.6;4;9393891423;S
20240116;100002;1548.4;50;9393891443;B
20240116;100002;1548.4;5;9393891501;B
20240116;100002;1548.4;3;9393891683;B
20240116;100002;1548.4;57;9393891691;B
20240116;100002;1548.4;65;9393891692;B
20240116;100002;1548.6;227;9393891696;B
20240116;100002;1548.6;136;9393891699;B
20240116;100002;1548.6;33;9393891700;B
20240116;100002;1549.4;65;9393891703;B
20240116;100003;1549.2;29;9393891961;B
20240116;100003;1549.2;35;9393891963;B
20240116;100003;1549;1;9393892026;S
20240116;100004;1549.2;1;9393892270;B
20240116;100004;1549.2;2;9393892273;B
20240116;100004;1549.2;1;9393892275;B
20240116;100004;1549.2;1;9393892298;B
20240116;100004;1549.2;2;9393892317;B
20240116;100004;1548.8;1;9393892636;S
20240116;100004;1548.8;20;9393892639;S
20240116;100004;1548.8;65;9393892859;B
20240116;100005;1548;5;9393893043;S
20240116;100005;1549;10;9393893044;B
20240116;100005;1549.2;3;9393893048;B
20240116;100005;1547.6;1;9393893156;S
20240116;100005;1549.2;1;9393893714;B
20240116;100005;1549.4;10;9393893882;B
20240116;100005;1549.4;70;9393893883;B
20240116;100005;1549.4;65;9393894025;B
20240116;100005;1549.6;1;9393894026;B
20240116;100005;1549.6;11;9393894027;B
20240116;100005;1549.6;3;9393894028;B
20240116;100005;1549.6;100;9393894029;B
20240116;100005;1549.8;44;9393894030;B
20240116;100005;1549.8;37;9393894031;B
20240116;100005;1550;6;9393894032;B
20240116;100005;1550;10;9393894033;B
20240116;100005;1550;1;9393894034;B
20240116;100005;1550;7;9393894035;B
20240116;100005;1550;37;9393894036;B
20240116;100005;1549.8;1;9393894058;B
20240116;100005;1549.8;5;9393894060;B
20240116;100005;1549;1;9393894257;B
20240116;100005;1548.2;12;9393894258;S
20240116;100005;1548.6;1;9393894457;B
20240116;100005;1549;12;9393894474;B
20240116;100005;1549;10;9393894493;B
20240116;100005;1548.2;8;9393894495;S
20240116;100005;1548.2;1;9393894498;S
20240116;100005;1548.2;44;9393894506;S
20240116;100005;1548;25;9393894507;S
20240116;100005;1549;20;9393894522;B
20240116;100005;1549;6;9393894541;B
20240116;100005;1548.2;1;9393894641;S
20240116;100005;1549;48;9393894772;B
20240116;100006;1548.4;5;9393895103;S
20240116;100006;1548.4;2;9393895104;S
20240116;100006;1548.4;2;9393895399;S
20240116;100006;1548.2;1;9393895574;S
20240116;100006;1548.4;65;9393895629;B
20240116;100006;1548.4;51;9393895674;B
20240116;100006;1548.6;5;9393895810;B
20240116;100006;1549.2;200;9393895914;B
20240116;100006;1548.6;1;9393895922;S
20240116;100007;1548.6;1;9393895946;S
20240116;100007;1549;1;9393896161;B
20240116;100007;1549.4;15;9393896461;B
20240116;100007;1550;63;9393896506;B
20240116;100007;1550;16;9393896507;B
20240116;100007;1550;10;9393896508;B
20240116;100007;1550;1;9393896509;B
20240116;100007;1550;2;9393896510;B
20240116;100007;1550;3;9393896511;B
20240116;100007;1550;54;9393896512;B
20240116;100007;1549.2;77;9393896607;B
20240116;100008;1550.6;1;9393896936;B
20240116;100008;1549.8;65;9393897034;S
20240116;100008;1549.6;22;9393897035;S
20240116;100008;1550.2;23;9393897164;S
20240116;100008;1549.8;53;9393897569;B
20240116;100009;1549.2;77;9393897696;S
20240116;100009;1549;30;9393898232;S
20240116;100009;1549.2;65;9393898233;S
20240116;100010;1549;1;9393898917;S
20240116;100010;1548.8;30;9393898982;S
20240116;100010;1549;12;9393899465;B
20240116;100010;1548.6;1;9393899568;S
20240116;100011;1548.8;3;9393899824;B
20240116;100011;1549;13;9393899991;B
20240116;100011;1548.8;1;9393900262;B
20240116;100011;1548.8;1;9393900263;B
20240116;100013;1549;10;9393901115;B
20240116;100013;1549;248;9393901223;B
20240116;100013;1549.2;5;9393901224;B
20240116;100013;1549.2;5;9393901225;B
20240116;100013;1549.2;5;9393901226;B
20240116;100013;1549.8;65;9393901227;B
20240116;100013;1550;10;9393901228;B
20240116;100013;1550;150;9393901229;B
20240116;100013;1550;143;9393901230;B
20240116;100013;1550.6;117;9393901231;B
20240116;100013;1550.8;174;9393901232;B
20240116;100013;1550.8;422;9393901233;B
20240116;100014;1550.6;1;9393902052;B
20240116;100015;1549.8;100;9393902303;S
20240116;100015;1550;100;9393902344;S
20240116;100015;1550;58;9393902345;S
20240116;100015;1549.6;5;9393902347;S
20240116;100015;1549.2;1;9393902348;S
20240116;100015;1549;7;9393902349;S
20240116;100015;1549;23;9393902352;S
20240116;100015;1548.8;6;9393902375;S
20240116;100015;1549;6;9393902382;S
20240116;100015;1549;6;9393902402;S
20240116;100015;1548.8;23;9393902419;S
20240116;100016;1548.8;2;9393902485;S
20240116;100016;1548.8;1;9393902493;B
20240116;100016;1548.4;13;9393902501;S
20240116;100016;1548.4;23;9393902554;S
20240116;100016;1548.4;13;9393902589;S
20240116;100016;1548.4;23;9393902599;S
20240116;100016;1548.4;23;9393902600;S
20240116;100016;1548.4;6;9393902630;S
20240116;100016;1548.4;6;9393902633;S
20240116;100016;1548.4;23;9393902647;S
20240116;100016;1548.4;6;9393902653;S
20240116;100016;1548.4;13;9393902671;S
20240116;100016;1548.4;23;9393902694;S
20240116;100016;1548.4;23;9393902695;S
20240116;100017;1548.4;5;9393902719;S
20240116;100017;1548;18;9393902720;S
20240116;100017;1548;20;9393902727;S
20240116;100017;1548;13;9393902748;S
20240116;100017;1548.4;39;9393902758;B
20240116;100017;1549.4;5;9393902759;B
20240116;100017;1549.4;56;9393902760;S
20240116;100017;1548.2;13;9393902843;S
20240116;100017;1548.2;6;9393902889;S
20240116;100017;1548.2;4;9393902890;S
20240116;100017;1548.2;9;9393902891;S
20240116;100017;1548;6;9393902893;S
20240116;100017;1548.2;6;9393902911;S
20240116;100017;1548.2;13;9393902962;S
20240116;100018;1548.2;6;9393903119;S
20240116;100018;1548.2;6;9393903120;S
20240116;100018;1548.2;6;9393903137;S
20240116;100019;1548.2;6;9393903322;S
20240116;100019;1548.2;13;9393903323;S
20240116;100019;1548.2;6;9393903327;S
20240116;100019;1548.2;6;9393903339;S
20240116;100019;1549.2;1;9393903355;B
20240116;100020;1549.6;2;9393903483;B
20240116;100020;1548.2;6;9393903543;S
20240116;100020;1548.2;6;9393903549;S
20240116;100020;1548.2;6;9393903564;S
20240116;100021;1548.6;13;9393903814;S
20240116;100022;1549.8;4;9393903887;B
20240116;100022;1548.2;13;9393904243;S
20240116;100023;1548;13;9393904505;S
20240116;100024;1549.2;1;9393904657;B
20240116;100027;1548;130;9393905404;S
20240116;100027;1548;1;9393905405;S
20240116;100027;1547.6;1;9393905406;S
20240116;100027;1548.4;1;9393905788;B
20240116;100027;1548;5;9393905907;B
20240116;100028;1547.2;7;9393906474;S
20240116;100030;1548.2;1;9393907068;B
20240116;100031;1547;2;9393907218;S
20240116;100031;1546.8;2;9393907219;S
20240116;100032;1547;55;9393907429;S
20240116;100032;1548.4;9;9393907500;B
20240116;100034;1546.8;3;9393907770;S
20240116;100035;1546.6;5;9393907906;S
20240116;100036;1547.6;5;9393908125;B
20240116;100036;1547.8;20;9393908126;B
20240116;100036;1547.8;11;9393908127;B
20240116;100036;1548;64;9393908128;B
20240116;100037;1547.4;20;9393908389;S
20240116;100038;1547.4;26;9393908717;B
20240116;100038;1547.4;20;9393908727;B
20240116;100043;1547;5;9393909735;S
20240116;100047;1546.4;176;9393910810;S
20240116;100047;1546.2;1;9393910811;S
20240116;100047;1546.2;146;9393910812;S
20240116;100047;1546;27;9393910813;S
20240116;100047;1546;50;9393910814;S
20240116;100047;1546;10;9393910815;S
20240116;100047;1546;2;9393910816;S
20240116;100047;1545.8;88;9393910817;S
20240116;100048;1545.8;12;9393910884;S
20240116;100048;1545.6;65;9393910885;S
20240116;100048;1545.4;23;9393910886;S
20240116;100048;1546.4;13;9393910894;B
20240116;100048;1545.4;1;9393911046;S
20240116;100050;1545.6;65;9393911404;S
20240116;100050;1545.4;7;9393911405;S
20240116;100052;1546.2;5;9393911775;B
20240116;100056;1545.4;7;9393912666;S
20240116;100056;1545.4;6;9393912729;S
20240116;100057;1545.4;1;9393913093;S
20240116;100058;1546.2;10;9393913201;B
20240116;100058;1545.4;305;9393913310;S
20240116;100058;1545.2;1;9393913311;S
20240116;100058;1545.2;1;9393913312;S
20240116;100058;1545.2;10;9393913313;S
20240116;100058;1545.2;65;9393913314;S
20240116;100058;1545.2;258;9393913315;S
20240116;100058;1545;1;9393913316;S
20240116;100058;1545;1;9393913317;S
20240116;100058;1545;5;9393913318;S
20240116;100058;1545;244;9393913319;S
20240116;100058;1545;22;9393913321;S
20240116;100059;1545;50;9393913472;S
20240116;100059;1546.2;3;9393913719;B
20240116;100100;1545;100;9393913839;S
20240116;100102;1545;71;9393924231;S
20240116;100102;1545;13;9393924236;S
20240116;100102;1544.8;1;9393924237;S
20240116;100102;1544.8;50;9393924238;S
20240116;100102;1544.8;14;9393924239;S
20240116;100102;1544.6;1;9393924240;S
20240116;100102;1544.4;1;9393924241;S
20240116;100102;1544;1;9393924242;S
20240116;100102;1544;5;9393924243;S
20240116;100102;1544;1;9393924244;S
20240116;100102;1544;13;9393924245;S
20240116;100102;1545.8;1;9393924252;B
20240116;100106;1545;7;9393924738;B
20240116;100109;1544;1;9393925325;S
20240116;100116;1544.8;5;9393926450;S
20240116;100118;1544.8;2;9393926568;S
20240116;100119;1545;1;9393926869;B
20240116;100120;1545;22;9393927083;B
20240116;100121;1545;1;9393927199;B
20240116;100121;1544.8;11;9393927200;S
20240116;100121;1544.6;9;9393927201;S
20240116;100121;1545;7;9393927202;B
20240116;100127;1545.2;22;9393928006;S
20240116;100128;1545.2;14;9393928139;S
20240116;100131;1545.2;5;9393928560;S
20240116;100134;1545.2;63;9393929093;S
20240116;100135;1545.2;63;9393929330;S
20240116;100137;1546;1;9393929555;B
20240116;100141;1545.2;35;9393930370;S
20240116;100142;1545.2;1;9393930441;S
20240116;100146;1545.2;15;9393931080;S
20240116;100148;1546;14;9393931306;B
20240116;100148;1546.2;2;9393931307;B
20240116;100148;1546.2;144;9393931308;B
20240116;100151;1546;2;9393931644;B
20240116;100151;1545.2;70;9393931711;S
20240116;100151;1545.2;13;9393931712;S
20240116;100151;1545;9;9393931713;S
20240116;100151;1544.6;14;9393931714;S
20240116;100151;1544.2;2;9393931715;S
20240116;100151;1544.2;4;9393931716;S
20240116;100156;1545.8;2;9393932336;B
20240116;100201;1545.8;2;9393933061;B
20240116;100203;1545.2;10;9393933334;S
20240116;100203;1545.2;8;9393933394;S
20240116;100205;1545.2;126;9393933660;S
20240116;100205;1545;5;9393933680;S
20240116;100205;1545;10;9393933681;S
20240116;100205;1544.8;2;9393933682;S
20240116;100209;1544.8;15;9393934222;B
20240116;100210;1544.8;1;9393934336;B
20240116;100211;1544.4;2;9393934460;S
20240116;100211;1544.6;71;9393934536;S
20240116;100211;1544.6;13;9393934537;S
20240116;100211;1544;12;9393934538;S
20240116;100211;1544;30;9393934539;S
20240116;100215;1544.6;3;9393935023;B
20240116;100216;1544.2;157;9393935116;S
20240116;100216;1544.2;13;9393935117;S
20240116;100216;1544;35;9393935118;S
20240116;100216;1544;64;9393935119;B
20240116;100216;1544;31;9393935120;B
20240116;100217;1543.8;1;9393935288;S
20240116;100217;1543.6;1;9393935289;S
20240116;100217;1543.6;280;9393935290;S
20240116;100217;1543.4;37;9393935291;S
20240116;100217;1543.4;3;9393935292;S
20240116;100217;1543.4;1;9393935293;S
20240116;100217;1543.2;2;9393935294;S
20240116;100217;1543.2;3;9393935295;S
20240116;100217;1543.2;3;9393935296;S
20240116;100217;1543.2;3;9393935297;S
20240116;100217;1543.2;3;9393935298;S
20240116;100217;1543.2;3;9393935299;S
20240116;100217;1543.2;3;9393935300;S
20240116;100217;1543.2;10;9393935301;S
20240116;100217;1543.2;22;9393935302;S
20240116;100217;1543.4;50;9393935460;S
20240116;100219;1544.4;18;9393935707;B
20240116;100221;1544.2;18;9393936002;S
20240116;100221;1544;10;9393936003;S
20240116;100221;1544;200;9393936004;S
20240116;100221;1543.4;141;9393936005;S
20240116;100221;1543.2;237;9393936006;S
20240116;100221;1543.2;1;9393936007;S
20240116;100221;1543.2;60;9393936008;S
20240116;100221;1543;1;9393936009;S
20240116;100221;1543;5;9393936010;S
20240116;100221;1543;1;9393936011;S
20240116;100221;1543;49;9393936012;S
20240116;100221;1542.8;1;9393936147;S
20240116;100222;1543.8;65;9393936258;B
20240116;100222;1543.8;60;9393936259;B
20240116;100222;1543.8;25;9393936260;B
20240116;100223;1543.8;13;9393936364;B
20240116;100229;1544.2;4;9393937106;B
20240116;100230;1543.2;9;9393937270;S
20240116;100230;1543.2;13;9393937271;S
20240116;100230;1543;4;9393937272;S
20240116;100250;1543.2;2;9393940577;S
20240116;100250;1543.8;53;9393940584;B
20240116;100252;1543.6;1;9393940856;B
20240116;100255;1543.6;2;9393941160;B
20240116;100302;1543.2;2;9393942469;S
20240116;100302;1543.2;2;9393942470;S
20240116;100302;1543.2;41;9393942471;S
20240116;100302;1543.4;13;9393942529;B
20240116;100302;1543.4;60;9393942530;B
20240116;100302;1543.4;39;9393942531;B
20240116;100305;1543.2;59;9393943015;S
20240116;100305;1543;1;9393943016;S
20240116;100305;1543;25;9393943017;S
20240116;100305;1543;2;9393943018;S
20240116;100305;1543;13;9393943019;S
20240116;100307;1543;1;9393943523;B
20240116;100308;1543;1;9393943524;B
20240116;100308;1543;1;9393943559;B
20240116;100308;1543;3;9393943654;B
20240116;100308;1542.8;5;9393943705;S
20240116;100311;1542.8;71;9393944113;S
20240116;100311;1542.8;201;9393944114;S
20240116;100311;1542.6;1;9393944115;S
20240116;100311;1542.6;13;9393944116;S
20240116;100311;1542.4;1;9393944117;S
20240116;100311;1542.2;1;9393944118;S
20240116;100311;1542.2;200;9393944119;S
20240116;100311;1542.2;1;9393944120;S
20240116;100311;1542;1;9393944121;S
20240116;100311;1542;4;9393944122;S
20240116;100311;1542;1;9393944123;S
20240116;100311;1542;5;9393944124;S
20240116;100311;1542.8;3;9393944218;B
20240116;100312;1542.8;62;9393944301;B
20240116;100312;1542.8;7;9393944302;B
20240116;100312;1542.8;50;9393944351;B
20240116;100312;1542.8;1;9393944398;B
20240116;100312;1542.8;2;9393944404;B
20240116;100312;1542.8;17;9393944405;B
20240116;100314;1542.8;3;9393944555;B
20240116;100315;1542.8;5;9393944795;B
20240116;100319;1542.6;1;9393945390;S
20240116;100319;1542.4;13;9393945391;S
20240116;100319;1542.2;237;9393945392;S
20240116;100321;1542;5;9393945714;S
20240116;100321;1542;5;9393945715;S
20240116;100322;1541.8;5;9393945790;S
20240116;100322;1541.8;1;9393945791;S
20240116;100322;1541.8;13;9393945792;S
20240116;100322;1541.6;16;9393945793;S
20240116;100322;1541.6;15;9393945858;S
20240116;100322;1541.6;14;9393946041;S
20240116;100324;1542.2;6;9393946281;B
20240116;100327;1542.2;2;9393946773;B
20240116;100327;1542;32;9393946801;S
20240116;100328;1542.2;9;9393946923;B
20240116;100328;1542;18;9393946935;S
20240116;100328;1542;13;9393946936;S
20240116;100329;1542;3;9393947004;B
20240116;100330;1541.8;15;9393947125;S
20240116;100331;1541.8;50;9393947235;S
20240116;100331;1541.8;13;9393947236;S
20240116;100331;1541.6;208;9393947237;S
20240116;100332;1541.6;5;9393947337;S
20240116;100333;1541.8;23;9393947481;B
20240116;100333;1541.8;60;9393947482;B
20240116;100333;1541.8;10;9393947483;B
20240116;100333;1542;407;9393947484;B
20240116;100334;1541.6;2;9393947635;S
20240116;100338;1541.6;30;9393948431;S
20240116;100338;1541.6;1;9393948432;S
20240116;100338;1541.6;1;9393948433;S
20240116;100338;1541.6;13;9393948434;S
20240116;100338;1541.4;65;9393948435;S
20240116;100338;1541.2;129;9393948436;S
20240116;100341;1541;1;9393948765;S
20240116;100342;1541;16;9393948851;S
20240116;100342;1541;5;9393948900;S
20240116;100343;1541.2;561;9393948937;B
20240116;100343;1541.6;2;9393948938;B
20240116;100343;1541.6;60;9393948939;B
20240116;100343;1542;102;9393948940;B
20240116;100349;1542;20;9393949850;B
20240116;100350;1541.4;7;9393949973;S
20240116;100350;1542;2;9393949995;B
20240116;100357;1542;10;9393950867;B
20240116;100357;1541.4;6;9393950884;S
20240116;100357;1541.4;6;9393950937;S
20240116;100400;1542;1;9393951430;B
20240116;100404;1541.4;1;9393952197;S
20240116;100405;1542;1;9393952327;B
20240116;100408;1542;10;9393953019;B
20240116;100410;1542;44;9393953882;B
20240116;100410;1542;29;9393953883;B
20240116;100411;1541.4;1;9393954121;S
20240116;100414;1542;44;9393954643;B
20240116;100414;1542;1;9393954644;B
20240116;100414;1542;1;9393954645;B
20240116;100414;1542;1;9393954646;B
20240116;100414;1542;3;9393954647;B
20240116;100417;1541.4;18;9393955386;S
20240116;100419;1542;100;9393955752;B
20240116;100419;1541.6;11;9393955854;S
20240116;100425;1542;3;9393957062;B
20240116;100430;1542;6;9393957844;B
20240116;100432;1541.6;1;9393958030;S
20240116;100434;1541.6;2;9393958602;S
20240116;100434;1541.6;7;9393958603;S
20240116;100434;1541.4;5;9393958604;S
20240116;100436;1542;2;9393958868;B
20240116;100437;1542;3;9393959003;B
20240116;100441;1542;8;9393959857;B
20240116;100443;1542;1;9393960084;B
20240116;100445;1541.8;5;9393960291;S
20240116;100445;1541.6;13;9393960292;S
20240116;100445;1541.6;2;9393960293;S
20240116;100445;1541.6;3;9393960494;S
20240116;100445;1541.4;65;9393960495;S
20240116;100445;1541.4;5;9393960496;S
20240116;100445;1541.2;1;9393960497;S
20240116;100445;1541.2;376;9393960498;S
20240116;100447;1541.2;1;9393960817;S
20240116;100448;1541.8;5;9393960918;B
20240116;100448;1541.8;4;9393960919;B
20240116;100452;1541.2;7;9393961538;S
20240116;100455;1541.6;1;9393962589;B
20240116;100456;1541.6;28;9393962903;B
20240116;100459;1541.6;3;9393963542;B
20240116;100500;1541.4;2;9393963590;S
20240116;100504;1541.6;1;9393964166;B
20240116;100507;1541.4;5;9393965000;S
20240116;100510;1541.6;5;9393965394;B
20240116;100512;1541.4;5;9393966175;S
20240116;100514;1541.4;53;9393966641;S
20240116;100514;1541.2;91;9393966642;S
20240116;100514;1541.2;25;9393966644;S
20240116;100514;1541.2;5;9393966645;S
20240116;100514;1541.2;30;9393966646;S
20240116;100514;1541.2;2;9393966647;S
20240116;100514;1541.2;65;9393966648;S
20240116;100514;1541.2;65;9393966652;S
20240116;100516;1541.2;1;9393966873;S
20240116;100520;1541.2;19;9393967431;S
20240116;100520;1541;48;9393967433;S
20240116;100520;1541;200;9393967434;S
20240116;100520;1541;20;9393967435;S
20240116;100520;1541;8;9393967436;S
20240116;100520;1541;2;9393967437;S
20240116;100520;1541;1;9393967438;S
20240116;100520;1541;10;9393967439;S
20240116;100520;1541;25;9393967440;S
20240116;100520;1541;5;9393967441;S
20240116;100520;1541;1;9393967442;S
20240116;100520;1541;1;9393967443;S
20240116;100520;1540.6;40;9393967444;S
20240116;100520;1540.4;50;9393967445;S
20240116;100520;1540.4;3;9393967446;S
20240116;100520;1540.4;50;9393967447;S
20240116;100520;1540.4;100;9393967448;S
20240116;100520;1540.4;100;9393967449;S
20240116;100520;1540.4;1;9393967450;S
20240116;100520;1540.4;3;9393967451;S
20240116;100520;1540.2;4;9393967453;S
20240116;100520;1540.2;10;9393967454;S
20240116;100520;1540.2;1;9393967455;S
20240116;100520;1540.2;5;9393967456;S
20240116;100520;1540.2;1;9393967457;S
20240116;100520;1540.2;1;9393967458;S
20240116;100520;1540.2;10;9393967459;S
20240116;100520;1540.2;2;9393967460;S
20240116;100520;1540.2;1;9393967461;S
20240116;100520;1540.2;1;9393967462;S
20240116;100520;1540.2;1;9393967463;S
20240116;100520;1540;2;9393967465;S
20240116;100520;1540;90;9393967466;S
20240116;100520;1540;2;9393967467;S
20240116;100520;1540;2;9393967468;S
20240116;100520;1540;4;9393967469;S
20240116;100520;1540;2;9393967470;S
20240116;100520;1540;400;9393967471;S
20240116;100520;1540;1;9393967472;S
20240116;100520;1540;1;9393967473;S
20240116;100520;1540;1;9393967474;S
20240116;100520;1540;1;9393967475;S
20240116;100520;1540;1;9393967476;S
20240116;100520;1540;1;9393967477;S
20240116;100520;1540;2;9393967478;S
20240116;100520;1540;1;9393967479;S
20240116;100520;1540;1;9393967480;S
20240116;100520;1540;1;9393967481;S
20240116;100520;1540;100;9393967482;S
20240116;100520;1540;1;9393967483;S
20240116;100520;1540;10;9393967484;S
20240116;100520;1540;5;9393967485;S
20240116;100520;1540;15;9393967486;S
20240116;100520;1540;10;9393967487;S
20240116;100520;1540;20;9393967488;S
20240116;100520;1540;2;9393967489;S
20240116;100520;1540;10;9393967490;S
20240116;100520;1540;205;9393967491;S
20240116;100520;1540;119;9393967497;S
20240116;100520;1540;1;9393967498;S
20240116;100520;1540;1;9393967499;S
20240116;100520;1540;1;9393967500;S
20240116;100520;1540;1;9393967501;S
20240116;100520;1540;1;9393967502;S
20240116;100520;1540;1;9393967503;S
20240116;100520;1540;2;9393967504;S
20240116;100520;1540;2;9393967505;S
20240116;100520;1540;1;9393967506;S
20240116;100520;1540;1;9393967507;S
20240116;100520;1540;10;9393967508;S
20240116;100520;1540;20;9393967509;S
20240116;100520;1539.8;82;9393967511;S
20240116;100520;1539.8;3;9393967512;S
20240116;100520;1539.6;1;9393967513;S
20240116;100520;1539.6;30;9393967514;S
20240116;100520;1539.6;284;9393967515;S
20240116;100520;1539.4;10;9393967516;S
20240116;100520;1539.2;2;9393967543;S
20240116;100520;1539.2;1;9393967544;S
20240116;100520;1539.2;146;9393967545;S
20240116;100520;1539.4;70;9393967563;B
20240116;100520;1539.4;1;9393967564;B
20240116;100520;1539.4;10;9393967566;B
20240116;100520;1539.4;8;9393967567;B
20240116;100520;1539.4;1;9393967585;B
20240116;100520;1539.4;3;9393967588;B
20240116;100520;1539.4;4;9393967592;B
20240116;100520;1539.4;5;9393967593;B
20240116;100521;1539.2;4;9393967594;S
20240116;100521;1539.4;55;9393967595;B
20240116;100521;1539.4;2;9393967598;S
20240116;100521;1539.4;26;9393967599;S
20240116;100521;1539.2;1;9393967601;S
20240116;100521;1539;3;9393967602;S
20240116;100521;1539;4;9393967603;S
20240116;100521;1539;2;9393967604;S
20240116;100521;1539;3;9393967605;S
20240116;100521;1539;1;9393967606;S
20240116;100521;1539;2;9393967607;S
20240116;100521;1539;65;9393967608;S
20240116;100521;1538.8;13;9393967609;S
20240116;100521;1539;15;9393967610;S
20240116;100521;1539;65;9393967710;S
20240116;100521;1539;60;9393967711;S
20240116;100521;1539;49;9393967712;B
20240116;100521;1540;1;9393967740;B
20240116;100521;1540;1;9393967798;B
20240116;100522;1539.8;1;9393967966;B
20240116;100522;1539.8;1;9393967980;B
20240116;100523;1539.8;1;9393968126;B
20240116;100523;1539.8;59;9393968150;B
20240116;100523;1540;19;9393968151;B
20240116;100524;1540.2;1;9393968166;B
20240116;100524;1540.2;1;9393968167;B
20240116;100525;1540;1;9393968451;S
20240116;100525;1540;1;9393968452;B
20240116;100525;1540.2;60;9393968466;B
20240116;100526;1539.8;1;9393968479;S
20240116;100526;1541;17;9393968481;B
20240116;100526;1540.8;1;9393968569;S
20240116;100526;1541;1;9393968589;B
20240116;100526;1540.8;3;9393968682;S
20240116;100530;1541;50;9393969140;S
20240116;100530;1541;188;9393969141;S
20240116;100532;1541;7;9393969652;S
20240116;100532;1541;20;9393969735;S
20240116;100535;1541;5;9393970110;S
20240116;100538;1541;500;9393970580;S
20240116;100539;1541;78;9393970756;S
20240116;100539;1541;10;9393970757;S
20240116;100539;1541;10;9393970758;S
20240116;100539;1540.8;14;9393970759;S
20240116;100539;1540.4;60;9393970760;S
20240116;100539;1540;10;9393970761;S
20240116;100539;1539.6;2;9393970762;S
20240116;100539;1539.4;2;9393970763;S
20240116;100539;1539.4;17;9393970764;S
20240116;100539;1539.2;1;9393970765;S
20240116;100539;1539.2;60;9393970766;S
20240116;100539;1539.2;113;9393970767;S
20240116;100542;1540.8;10;9393971077;B
20240116;100544;1539.2;10;9393971465;S
20240116;100544;1539.2;10;9393971466;S
20240116;100548;1539.8;14;9393972212;S
20240116;100548;1539.6;29;9393972213;S
20240116;100548;1539.6;1;9393972217;S
20240116;100552;1540.4;65;9393972785;B
20240116;100552;1540.6;259;9393972786;B
20240116;100552;1540.6;64;9393972787;B
20240116;100552;1540.6;14;9393972788;B
20240116;100552;1540.8;60;9393972789;B
20240116;100552;1540.8;60;9393972790;B
20240116;100552;1541;108;9393972791;B
20240116;100553;1539.6;7;9393972899;S
20240116;100553;1539.6;5;9393972924;S
20240116;100553;1539.6;1;9393972925;S
20240116;100555;1539.6;1;9393973153;S
20240116;100555;1540.8;1;9393973179;B
20240116;100555;1539.8;1;9393973242;S
20240116;100555;1539.8;14;9393973243;S
20240116;100555;1539.8;57;9393973244;S
20240116;100558;1540;10;9393973557;B
20240116;100559;1540;16;9393973750;S
20240116;100559;1539.6;26;9393973751;S
20240116;100600;1540.8;200;9393973806;B
20240116;100600;1540.8;1;9393973810;B
20240116;100600;1539.6;58;9393973811;S
20240116;100600;1539.6;60;9393973812;S
20240116;100600;1539.6;12;9393973813;S
20240116;100600;1540.8;27;9393973834;B
20240116;100601;1539.6;10;9393973978;S
20240116;100603;1539.2;10;9393974241;S
20240116;100603;1539.2;2;9393974242;S
20240116;100603;1539.2;13;9393974243;S
20240116;100604;1540.8;1;9393974393;B
20240116;100604;1540;144;9393974446;S
20240116;100612;1539.6;10;9393975806;S
20240116;100612;1539.6;8;9393975858;S
20240116;100612;1539.6;2;9393975883;S
20240116;100612;1539.6;8;9393975884;S
20240116;100613;1539.6;14;9393975950;B
20240116;100613;1539.6;4;9393975951;B
20240116;100616;1539.6;1;9393976347;B
20240116;100617;1539.4;24;9393976472;S
20240116;100620;1540;10;9393976902;B
20240116;100620;1540;15;9393976903;B
20240116;100623;1539.6;14;9393977270;S
20240116;100623;1539.4;10;9393977271;S
20240116;100625;1540;35;9393977530;B
20240116;100625;1540;15;9393977531;B
20240116;100625;1540;20;9393977532;B
20240116;100625;1540;1;9393977533;B
20240116;100626;1540.4;13;9393977669;B
20240116;100632;1540.4;2;9393978549;B
20240116;100633;1540.4;1;9393978648;B
20240116;100638;1540.2;10;9393979481;S
20240116;100642;1540.4;4;9393980072;B
20240116;100642;1540.4;5;9393980073;B
20240116;100642;1540.6;10;9393980074;B
20240116;100642;1540.8;50;9393980075;B
20240116;100642;1540.8;13;9393980076;B
20240116;100642;1541;10;9393980077;B
20240116;100642;1541;8;9393980078;B
20240116;100644;1540.6;1;9393980533;S
20240116;100647;1541;11;9393980804;B
20240116;100647;1541;2;9393980805;B
20240116;100650;1541;1;9393981212;B
20240116;100652;1540.4;200;9393981448;S
20240116;100655;1540.4;64;9393982187;S
20240116;100656;1541;1;9393982342;B
20240116;100659;1541;2;9393982918;B
20240116;100700;1541;1;9393983084;B
20240116;100704;1540.8;4;9393983741;S
20240116;100704;1540.6;6;9393983742;S
20240116;100705;1540.6;2;9393983851;S
20240116;100706;1540.8;1;9393983971;S
20240116;100707;1541;79;9393984196;B
20240116;100708;1541;1;9393984296;B
20240116;100710;1540.8;3;9393984617;S
20240116;100710;1540.6;1;9393984618;S
20240116;100712;1541;1;9393984895;B
20240116;100714;1541;2;9393985229;B
20240116;100717;1540.6;2;9393985582;S
20240116;100717;1540.4;3;9393985583;S
20240116;100719;1540.6;3;9393985802;S
20240116;100719;1540.4;8;9393985803;S
20240116;100719;1540.4;50;9393985892;S
20240116;100721;1541;2;9393986104;B
20240116;100726;1540.6;3;9393986949;S
20240116;100727;1540.6;89;9393987049;S
20240116;100733;1540.6;10;9393988017;S
20240116;100733;1540.4;31;9393988018;S
20240116;100733;1540.8;9;9393988066;B
20240116;100734;1540.8;1;9393988230;B
20240116;100735;1540.8;2;9393988254;B
20240116;100736;1540.8;1;9393988482;B
20240116;100738;1540.4;2;9393988691;S
20240116;100739;1540.6;2;9393988721;B
20240116;100739;1540.6;13;9393988722;B
20240116;100739;1540.4;142;9393988837;S
20240116;100739;1540.4;100;9393988838;S
20240116;100739;1540.2;14;9393988839;S
20240116;100739;1540.2;2;9393988840;S
20240116;100739;1540;7;9393988841;S
20240116;100739;1540;10;9393988842;S
20240116;100739;1540;1;9393988843;S
20240116;100739;1540;3;9393988844;S
20240116;100739;1540;10;9393988845;S
20240116;100739;1540;11;9393988846;S
20240116;100742;1540.4;1;9393989314;S
20240116;100747;1540.4;2;9393989914;S
20240116;100749;1540.4;82;9393990195;S
20240116;100749;1540;8;9393990196;S
20240116;100751;1540;29;9393990456;S
20240116;100754;1540;2;9393990975;S
20240116;100754;1540;1;9393990976;S
20240116;100754;1540;2;9393990977;S
20240116;100754;1540.2;1;9393991009;B
20240116;100757;1540;1;9393991355;S
20240116;100757;1540;1;9393991356;S
20240116;100757;1540;28;9393991357;S
20240116;100802;1540.4;1;9393992179;B
20240116;100803;1540.6;1;9393992325;B
20240116;100803;1540;2;9393992335;S
20240116;100804;1540;43;9393992366;S
20240116;100804;1540;27;9393992392;S
20240116;100804;1540;13;9393992393;S
20240116;100804;1540;1;9393992402;S
20240116;100813;1540;50;9393993338;S
20240116;100814;1540.4;1;9393993436;B
20240116;100814;1540.4;1;9393993439;B
20240116;100817;1540;1;9393993656;S
20240116;100819;1540;22;9393993996;S
20240116;100823;1540.4;1;9393994590;B
20240116;100826;1540;13;9393994962;S
20240116;100826;1540;17;9393994963;S
20240116;100827;1540;63;9393995057;S
20240116;100828;1540;9;9393995332;S
20240116;100829;1540;5;9393995513;S
20240116;100829;1540;1;9393995514;S
20240116;100829;1540;1;9393995515;S
20240116;100829;1540;12;9393995516;S
20240116;100830;1539.8;10;9393995616;B
20240116;100830;1539.8;2;9393995627;B
20240116;100830;1539.8;1;9393995748;B
20240116;100831;1539.6;7;9393995764;S
20240116;100831;1539.6;2;9393995770;S
20240116;100831;1539.8;2;9393995811;B
20240116;100832;1539.8;5;9393995844;B
20240116;100832;1539.8;45;9393995917;B
20240116;100832;1539.8;5;9393995918;B
20240116;100832;1539.8;2;9393995963;B
20240116;100836;1539.8;53;9393996475;B
20240116;100836;1539.8;60;9393996476;B
20240116;100836;1539.8;20;9393996477;B
20240116;100836;1539.8;17;9393996478;B
20240116;100836;1539.6;1;9393996489;S
20240116;100837;1539.6;1;9393996607;S
20240116;100837;1539.6;14;9393996669;S
20240116;100839;1539.8;1;9393996817;B
20240116;100840;1539.6;5;9393996972;S
20240116;100840;1539.6;5;9393996973;S
20240116;100840;1539.4;35;9393996974;S
20240116;100840;1539.4;5;9393996975;S
20240116;100840;1539.2;1;9393996976;S
20240116;100840;1539.2;13;9393996977;S
20240116;100840;1539;2;9393996978;S
20240116;100840;1539;5;9393996979;S
20240116;100840;1539;229;9393996980;S
20240116;100842;1539.2;14;9393997328;S
20240116;100843;1539.6;1;9393997392;B
20240116;100843;1539.6;1;9393997586;B
20240116;100845;1539.2;5;9393997795;S
20240116;100846;1539.4;10;9393997881;B
20240116;100846;1539.6;1;9393997882;B
20240116;100846;1539.6;9;9393997883;B
20240116;100850;1539.2;1;9393998541;S
20240116;100852;1539.2;2;9393998793;S
20240116;100853;1539.2;60;9393999025;S
20240116;100854;1539.2;18;9393999083;S
20240116;100854;1539;21;9393999084;S
20240116;100854;1539;3;9393999085;S
20240116;100854;1539;1;9393999086;S
20240116;100854;1539;2;9393999087;S
20240116;100854;1539;3;9393999088;S
20240116;100854;1539;20;9393999089;S
20240116;100854;1539;10;9393999090;S
20240116;100854;1539;1;9393999091;S
20240116;100854;1539;3;9393999092;S
20240116;100854;1539;20;9393999093;S
20240116;100854;1539;3;9393999094;S
20240116;100854;1539;13;9393999095;S
20240116;100855;1538.8;80;9393999207;S
20240116;100856;1538.8;26;9393999300;S
20240116;100858;1539;10;9393999622;B
20240116;100900;1538.8;5;9393999902;S
20240116;100902;1538.8;10;9394000220;S
20240116;100902;1538.8;29;9394000247;S
20240116;100902;1538.8;10;9394000261;S
20240116;100903;1538.8;3;9394000384;S
20240116;100903;1539;3;9394000389;B
20240116;100903;1539;1;9394000390;B
20240116;100903;1539;4;9394000391;B
20240116;100903;1539;10;9394000392;B
20240116;100907;1539;32;9394000847;S
20240116;100907;1538.8;168;9394000848;S
20240116;100909;1539.2;4;9394001172;B
20240116;100915;1538.8;56;9394001841;S
20240116;100915;1538.8;100;9394001842;S
20240116;100915;1538.8;5;9394001843;S
20240116;100915;1538.8;5;9394001844;S
20240116;100915;1538.8;10;9394001845;S
20240116;100915;1538.8;1;9394001846;S
20240116;100915;1538.8;2;9394001847;S
20240116;100915;1538.8;1;9394001848;S
20240116;100915;1538.8;50;9394001849;S
20240116;100915;1538.8;3;9394001850;S
20240116;100915;1538.8;8;9394001921;B
20240116;100916;1538.6;1;9394001960;S
20240116;100916;1538.6;49;9394001961;S
20240116;100916;1538.8;2;9394001968;B
20240116;100917;1538.6;20;9394002103;S
20240116;100924;1538.8;15;9394003023;B
20240116;100924;1538.8;58;9394003038;B
20240116;100924;1538.8;1;9394003041;B
20240116;100925;1538.6;131;9394003173;S
20240116;100925;1538.6;1;9394003174;S
20240116;100925;1538.6;3;9394003175;S
20240116;100925;1538.6;1;9394003176;S
20240116;100925;1538.6;164;9394003177;S
20240116;100926;1538.6;1;9394003310;S
20240116;100926;1538.6;15;9394003329;S
20240116;100929;1538.8;3;9394003649;B
20240116;100930;1538.8;1;9394003736;B
20240116;100930;1538.6;20;9394003776;S
20240116;100930;1538.6;160;9394003777;S
20240116;100932;1538.6;2;9394004007;S
20240116;100932;1538.6;238;9394004044;S
20240116;100932;1538.4;31;9394004045;S
20240116;100932;1538.4;3;9394004046;S
20240116;100932;1538.4;14;9394004047;S
20240116;100932;1538.2;7;9394004048;S
20240116;100932;1538.2;1;9394004049;S
20240116;100932;1538.2;80;9394004050;S
20240116;100932;1538.2;4;9394004051;S
20240116;100932;1538.2;1;9394004052;S
20240116;100932;1538.2;1;9394004053;S
20240116;100932;1538.2;3;9394004054;S
20240116;100932;1538.2;73;9394004055;S
20240116;100932;1538.4;65;9394004056;B
20240116;100932;1538.4;14;9394004057;B
20240116;100932;1538.6;21;9394004058;B
20240116;100933;1538.4;1;9394004133;S
20240116;100933;1538.4;7;9394004149;B
20240116;100933;1538.2;21;9394004171;S
20240116;100933;1538.4;1;9394004245;B
20240116;100935;1538.2;15;9394004547;S
20240116;100935;1538.2;1;9394004548;S
20240116;100938;1538.2;90;9394004836;S
20240116;100938;1538.2;2;9394004837;S
20240116;100938;1538.2;8;9394004838;S
20240116;100938;1538.2;112;9394004842;S
20240116;100938;1538.2;1;9394004843;S
20240116;100938;1538.2;12;9394004844;S
20240116;100938;1538.2;1;9394004845;S
20240116;100938;1538.2;1;9394004846;S
20240116;100938;1538.2;1;9394004847;S
20240116;100938;1538.2;65;9394004848;S
20240116;100938;1538;2;9394004849;S
20240116;100938;1538;2;9394004850;S
20240116;100938;1538;3;9394004851;S
20240116;100938;1538;20;9394004852;S
20240116;100938;1538;2;9394004853;S
20240116;100938;1538;78;9394004866;S
20240116;100939;1538;5;9394004884;S
20240116;100939;1538;1;9394004930;S
20240116;100939;1538;12;9394004937;S
20240116;100939;1538;100;9394004938;S
20240116;100939;1538;6;9394004941;S
20240116;100939;1538;10;9394004945;S
20240116;100939;1538;6;9394004950;S
20240116;100939;1538;1;9394004969;S
20240116;100940;1538.2;4;9394005026;B
20240116;100940;1538;10;9394005072;S
20240116;100941;1538.2;1;9394005138;B
20240116;100942;1538;200;9394005305;S
20240116;100942;1538;146;9394005329;S
20240116;100942;1538;2;9394005330;S
20240116;100942;1538;38;9394005331;S
20240116;100942;1538;1;9394005332;S
20240116;100942;1538;100;9394005333;S
20240116;100942;1538;40;9394005334;S
20240116;100942;1538;5;9394005335;S
20240116;100942;1538;1;9394005336;S
20240116;100942;1538;10;9394005337;S
20240116;100942;1538;1;9394005338;S
20240116;100942;1538;3;9394005339;S
20240116;100942;1538;20;9394005340;S
20240116;100942;1538;4;9394005341;S
20240116;100942;1538;1;9394005342;S
20240116;100942;1538;16;9394005343;S
20240116;100942;1538;1;9394005344;S
20240116;100942;1538;50;9394005345;S
20240116;100942;1538;50;9394005346;S
20240116;100942;1538;10;9394005347;S
20240116;100942;1538;100;9394005348;S
20240116;100942;1538;100;9394005349;S
20240116;100942;1538;1;9394005350;S
20240116;100943;1538.2;1;9394005425;B
20240116;100944;1538.2;1;9394005606;B
20240116;100946;1538;1;9394005729;S
20240116;100946;1538;1;9394005730;S
20240116;100946;1538;1;9394005731;S
20240116;100946;1538;1;9394005732;S
20240116;100946;1538;1;9394005733;S
20240116;100946;1538;5;9394005734;S
20240116;100947;1538.2;1;9394005917;B
20240116;100948;1538;55;9394006007;S
20240116;100948;1538;1;9394006008;S
20240116;100948;1538;2;9394006009;S
20240116;100948;1538;1;9394006010;S
20240116;100948;1538;50;9394006011;S
20240116;100948;1538;2;9394006012;S
20240116;100948;1538;10;9394006013;S
20240116;100948;1538;12;9394006014;S
20240116;100948;1538;1;9394006015;S
20240116;100948;1538;1;9394006016;S
20240116;100948;1538;98;9394006017;S
20240116;100948;1538.2;1;9394006020;B
20240116;100949;1538.2;3;9394006112;B
20240116;100950;1538;35;9394006353;S
20240116;100950;1538;70;9394006587;S
20240116;100951;1538.2;1;9394006595;B
20240116;100951;1538.2;1;9394006607;B
20240116;100952;1538.2;3;9394006712;B
20240116;100952;1538;5;9394006713;S
20240116;100952;1538.2;1;9394006729;B
20240116;100955;1538.2;55;9394007036;B
20240116;100955;1538.2;5;9394007037;B
20240116;100955;1538;10;9394007053;S
20240116;100955;1538;42;9394007058;S
20240116;100955;1538;1;9394007059;S
20240116;100955;1538;6;9394007060;S
20240116;100957;1538.2;4;9394007392;B
20240116;100957;1538.2;2;9394007440;B
20240116;100958;1538;4;9394007447;S
20240116;100958;1538;10;9394007448;S
20240116;100958;1538;10;9394007449;S
20240116;100958;1538;29;9394007450;S
20240116;100958;1538;57;9394007477;S
20240116;100958;1538;14;9394007478;S
20240116;101001;1538.2;1;9394007762;B
20240116;101002;1538.2;13;9394007914;B
20240116;101002;1538.2;4;9394007915;B
20240116;101002;1538.2;17;9394007916;B
20240116;101002;1538.2;14;9394007917;B
20240116;101002;1538.4;60;9394007918;B
20240116;101002;1538.4;65;9394007919;B
20240116;101002;1538.6;260;9394007920;B
20240116;101002;1538.6;6;9394007921;B
20240116;101002;1538.8;111;9394007922;B
20240116;101003;1538.8;2;9394008132;B
20240116;101006;1538;1;9394008330;S
20240116;101006;1538;1;9394008331;S
20240116;101006;1537.8;1;9394008332;S
20240116;101006;1537.8;3;9394008333;S
20240116;101007;1538.4;1;9394008580;B
20240116;101007;1538.2;1;9394008645;S
20240116;101007;1537.8;7;9394008646;S
20240116;101007;1537.8;44;9394008647;S
20240116;101007;1537.8;10;9394008648;S
20240116;101007;1537.8;1;9394008649;S
20240116;101007;1537.8;1;9394008650;S
20240116;101007;1537.6;4;9394008651;S
20240116;101007;1537.6;25;9394008652;S
20240116;101007;1537.6;17;9394008653;S
20240116;101007;1537.6;1;9394008654;S
20240116;101007;1537.6;100;9394008655;S
20240116;101007;1537.6;289;9394008656;S
20240116;101007;1538.2;1;9394008657;B
20240116;101008;1538.4;2;9394008744;B
20240116;101008;1537.6;5;9394008761;S
20240116;101009;1538;5;9394009062;S
20240116;101009;1537.8;50;9394009063;S
20240116;101009;1537.6;106;9394009064;S
20240116;101009;1537.6;2;9394009065;S
20240116;101009;1537.6;1;9394009066;S
20240116;101009;1537.6;65;9394009067;S
20240116;101009;1537.4;1;9394009068;S
20240116;101009;1537.4;200;9394009069;S
20240116;101009;1537.4;43;9394009070;S
20240116;101009;1537.4;14;9394009071;S
20240116;101009;1537.4;33;9394009072;S
20240116;101010;1537.2;1;9394009259;S
20240116;101010;1537.2;5;9394009260;S
20240116;101010;1537.2;1;9394009261;S
20240116;101010;1537.2;2;9394009262;S
20240116;101010;1537.2;4;9394009274;S
20240116;101013;1537.4;3;9394009694;S
20240116;101013;1537.2;55;9394009695;S
20240116;101013;1537.2;1;9394009696;S
20240116;101013;1537.2;14;9394009697;S
20240116;101013;1537;1;9394009698;S
20240116;101013;1537;1;9394009699;S
20240116;101013;1537;10;9394009700;S
20240116;101013;1537;75;9394009701;S
20240116;101014;1538;1;9394009784;B
20240116;101014;1537;7;9394009822;S
20240116;101014;1537;1;9394009823;S
20240116;101014;1537;10;9394009824;S
20240116;101014;1537;2;9394009825;S
20240116;101014;1537;10;9394009826;S
20240116;101014;1537;5;9394009827;S
20240116;101014;1537;1;9394009828;S
20240116;101014;1537;1;9394009829;S
20240116;101014;1537;10;9394009830;S
20240116;101014;1537;4;9394009831;S
20240116;101014;1537;1;9394009832;S
20240116;101014;1537;2;9394009833;S
20240116;101014;1537;7;9394009834;S
20240116;101014;1537;1;9394009835;S
20240116;101014;1537;10;9394009836;S
20240116;101014;1537;1;9394009837;S
20240116;101014;1537;10;9394009838;S
20240116;101014;1537;239;9394009839;S
20240116;101016;1538;3;9394010379;B
20240116;101016;1537.6;1;9394010414;S
20240116;101016;1537.2;1;9394010415;S
20240116;101016;1537.2;1;9394010416;S
20240116;101016;1537.2;11;9394010417;S
20240116;101018;1538;1;9394010722;B
20240116;101018;1537.2;9;9394010808;S
20240116;101018;1537.2;1;9394010809;S
20240116;101018;1537.2;1;9394010810;S
20240116;101018;1537;261;9394010811;S
20240116;101018;1537;2;9394010812;S
20240116;101018;1537;1;9394010813;S
20240116;101018;1537;14;9394010814;S
20240116;101018;1536.8;1;9394010815;S
20240116;101018;1536.8;100;9394010816;S
20240116;101018;1536.8;110;9394010817;S
20240116;101019;1537;10;9394010867;S
20240116;101019;1536.8;90;9394010868;S
20240116;101019;1536.8;1;9394010869;S
20240116;101019;1536.8;15;9394010870;S
20240116;101019;1536.8;50;9394010871;S
20240116;101019;1536.6;5;9394010872;S
20240116;101019;1536.6;10;9394010873;S
20240116;101019;1536.6;3;9394010874;S
20240116;101019;1536.6;1;9394010875;S
20240116;101019;1536.6;15;9394010876;S
20240116;101019;1536.6;45;9394010879;S
20240116;101019;1536.4;20;9394010880;S
20240116;101019;1536.4;2;9394010881;S
20240116;101019;1536.4;1;9394010882;S
20240116;101019;1536.4;1;9394010883;S
20240116;101019;1536.4;1;9394010884;S
20240116;101019;1536.4;1;9394010885;S
20240116;101019;1536.4;10;9394010886;S
20240116;101019;1536.4;10;9394010887;S
20240116;101019;1536.2;109;9394010888;S
20240116;101019;1536.2;10;9394010905;S
20240116;101019;1537.6;100;9394010906;B
20240116;101019;1536.2;10;9394010907;S
20240116;101019;1536.8;1;9394010972;S
20240116;101019;1536.4;14;9394010973;S
20240116;101019;1536.4;70;9394010979;S
20240116;101020;1536.4;16;9394011002;S
20240116;101020;1536.4;1;9394011003;S
20240116;101020;1536.2;33;9394011004;S
20240116;101020;1536.4;1;9394011118;S
20240116;101020;1536.2;6;9394011119;S
20240116;101023;1537.4;1;9394011661;B
20240116;101023;1537.4;1;9394011690;B
20240116;101024;1536.4;1;9394011888;S
20240116;101024;1536.2;59;9394011889;S
20240116;101026;1536.2;5;9394012058;S
20240116;101027;1536.8;1;9394012200;B
20240116;101027;1536.8;2;9394012201;B
20240116;101027;1536.2;10;9394012209;S
20240116;101028;1536.2;58;9394012281;S
20240116;101028;1536.2;1;9394012282;S
20240116;101028;1536.2;1;9394012283;S
20240116;101028;1536.2;25;9394012284;S
20240116;101028;1536.2;1;9394012285;S
20240116;101028;1536.2;1;9394012286;S
20240116;101028;1536.2;1;9394012287;S
20240116;101028;1536.2;1;9394012288;S
20240116;101028;1536.2;1;9394012289;S
20240116;101028;1536.2;10;9394012290;S
20240116;101028;1536.2;1;9394012291;S
20240116;101028;1536;1;9394012292;S
20240116;101028;1536;10;9394012293;S
20240116;101028;1536;1;9394012294;S
20240116;101028;1536;1;9394012295;S
20240116;101028;1536;10;9394012296;S
20240116;101028;1536;8;9394012297;S
20240116;101028;1536;1;9394012298;S
20240116;101028;1536;1;9394012299;S
20240116;101028;1536;10;9394012300;S
20240116;101028;1536;2;9394012301;S
20240116;101028;1536;30;9394012302;S
20240116;101028;1536;1;9394012303;S
20240116;101028;1536;1;9394012304;S
20240116;101028;1536;35;9394012305;S
20240116;101028;1536;5;9394012306;S
20240116;101028;1536;5;9394012307;S
20240116;101028;1536;1;9394012308;S
20240116;101028;1536;1;9394012309;S
20240116;101028;1536;50;9394012321;S
20240116;101028;1536;1;9394012349;S
20240116;101028;1536;3;9394012350;S
20240116;101028;1536;13;9394012351;S
20240116;101028;1536;25;9394012352;S
20240116;101028;1536;100;9394012353;S
20240116;101028;1535.8;1;9394012354;S
20240116;101028;1535.8;41;9394012355;S
20240116;101028;1535.8;1;9394012361;S
20240116;101028;1536;1;9394012368;S
20240116;101028;1536;5;9394012369;S
20240116;101028;1535.8;35;9394012370;S
20240116;101028;1536;10;9394012371;B
20240116;101028;1537;1;9394012377;B
20240116;101028;1536.4;25;9394012395;S
20240116;101028;1536.4;4;9394012398;S
20240116;101028;1536.4;5;9394012399;S
20240116;101028;1536.4;32;9394012400;S
20240116;101028;1536.4;1;9394012401;S
20240116;101028;1536.4;3;9394012402;S
20240116;101028;1537;2;9394012403;B
20240116;101028;1536.4;20;9394012404;S
20240116;101028;1536.4;100;9394012405;S
20240116;101028;1536;1;9394012406;S
20240116;101028;1536;1;9394012407;S
20240116;101028;1535.8;78;9394012408;S
20240116;101028;1535.8;60;9394012409;S
20240116;101028;1535.8;35;9394012410;S
20240116;101028;1535.8;30;9394012411;S
20240116;101028;1535.6;3;9394012412;S
20240116;101028;1535.6;3;9394012413;S
20240116;101028;1535.6;76;9394012414;S
20240116;101028;1535.6;53;9394012415;S
20240116;101028;1535.6;3;9394012416;S
20240116;101028;1535.6;3;9394012425;S
20240116;101028;1535.6;1;9394012426;S
20240116;101028;1535.6;10;9394012427;S
20240116;101029;1536.8;2;9394012445;B
20240116;101029;1535.4;25;9394012451;S
20240116;101029;1535.4;1;9394012452;S
20240116;101029;1535.4;10;9394012453;S
20240116;101029;1535.4;1;9394012454;S
20240116;101029;1535.4;1;9394012455;S
20240116;101029;1535.4;10;9394012456;S
20240116;101029;1535.4;65;9394012457;S
20240116;101029;1535.4;2;9394012458;S
20240116;101029;1535.2;1;9394012459;S
20240116;101029;1535.2;7;9394012460;S
20240116;101029;1535.2;1;9394012461;S
20240116;101029;1535.2;18;9394012462;S
20240116;101029;1535.4;1;9394012494;S
20240116;101029;1535.4;10;9394012512;S
20240116;101029;1536;2;9394012533;S
20240116;101029;1536;2;9394012573;S
20240116;101029;1536;146;9394012574;S
20240116;101029;1535.8;20;9394012575;S
20240116;101029;1535.8;60;9394012576;S
20240116;101029;1535.8;60;9394012577;S
20240116;101029;1535.4;54;9394012578;S
20240116;101029;1535.4;1;9394012579;S
20240116;101029;1535.4;5;9394012580;S
20240116;101029;1535.2;82;9394012581;S
20240116;101029;1535.2;100;9394012582;S
20240116;101029;1535.2;3;9394012583;S
20240116;101029;1535.2;2;9394012584;S
20240116;101029;1535.2;5;9394012585;S
20240116;101029;1535.2;62;9394012586;S
20240116;101030;1535.2;6;9394012614;S
20240116;101030;1535.4;1;9394012624;S
20240116;101030;1535.2;92;9394012625;S
20240116;101030;1535.2;20;9394012626;S
20240116;101030;1535.2;10;9394012627;S
20240116;101030;1535;2;9394012628;S
20240116;101030;1535;18;9394012629;S
20240116;101030;1535;5;9394012630;S
20240116;101030;1535;2;9394012631;S
20240116;101030;1535;79;9394012632;S
20240116;101030;1535;1;9394012633;S
20240116;101030;1535;2;9394012635;S
20240116;101030;1535;9;9394012650;S
20240116;101030;1535;7;9394012656;S
20240116;101030;1535;1;9394012657;S
20240116;101030;1535.2;1;9394012692;S
20240116;101030;1535;19;9394012693;S
20240116;101030;1536.4;10;9394012697;B
20240116;101030;1535;2;9394012698;S
20240116;101030;1535;7;9394012744;S
20240116;101030;1535;1;9394012768;S
20240116;101030;1535;20;9394012769;S
20240116;101030;1535;50;9394012786;S
20240116;101030;1535;2;9394012787;S
20240116;101030;1535;10;9394012788;S
20240116;101030;1535;1;9394012789;S
20240116;101030;1535;7;9394012790;S
20240116;101030;1535;1;9394012808;S
20240116;101030;1535;10;9394012809;S
20240116;101030;1535;32;9394012810;S
20240116;101030;1535;10;9394012811;S
20240116;101030;1535;4;9394012812;S
20240116;101030;1535;2;9394012813;S
20240116;101030;1535;7;9394012814;S
20240116;101030;1535;2;9394012818;S
20240116;101030;1535;1;9394012821;S
20240116;101030;1535;16;9394012823;S
20240116;101030;1535;9;9394012824;S
20240116;101030;1535;65;9394012832;S
20240116;101030;1535;10;9394012835;S
20240116;101030;1535;30;9394012836;S
20240116;101030;1535;10;9394012837;S
20240116;101030;1535;13;9394012838;S
20240116;101030;1535;87;9394012839;S
20240116;101030;1535;13;9394012840;S
20240116;101030;1535;37;9394012851;S
20240116;101030;1535;10;9394012852;S
20240116;101030;1535;5;9394012853;S
20240116;101030;1535;2;9394012854;S
20240116;101030;1535;3;9394012855;S
20240116;101030;1535;10;9394012856;S
20240116;101030;1535;10;9394012857;S
20240116;101030;1535;1;9394012858;S
20240116;101030;1535;1;9394012859;S
20240116;101030;1535;1;9394012860;S
20240116;101030;1535;2;9394012861;S
20240116;101030;1535;8;9394012862;S
20240116;101030;1535.4;1;9394012895;S
20240116;101030;1535;20;9394012896;S
20240116;101030;1535;5;9394012897;S
20240116;101030;1535;1;9394012898;S
20240116;101030;1535;20;9394012899;S
20240116;101030;1535;11;9394012900;S
20240116;101030;1535;3;9394012901;S
20240116;101030;1535;1;9394012902;S
20240116;101030;1535;3;9394012903;S
20240116;101030;1535;10;9394012904;S
20240116;101030;1535;35;9394012905;S
20240116;101030;1535;10;9394012906;S
20240116;101030;1535;3;9394012907;S
20240116;101030;1535;60;9394012908;S
20240116;101030;1535;17;9394012909;S
20240116;101031;1535;3;9394012910;S
20240116;101031;1535;5;9394012911;S
20240116;101031;1535;1;9394012912;S
20240116;101031;1535;1;9394012913;S
20240116;101031;1535;5;9394012914;S
20240116;101031;1535;34;9394012915;S
20240116;101031;1535;1;9394012916;S
20240116;101031;1535;15;9394012919;S
20240116;101031;1535;1;9394012920;S
20240116;101031;1535;2;9394012921;S
20240116;101031;1535;8;9394012922;S
20240116;101031;1535;2;9394012923;S
20240116;101031;1535;1;9394012924;S
20240116;101031;1534.8;2;9394012925;S
20240116;101031;1534.8;20;9394012926;S
20240116;101031;1534.8;8;9394012927;S
20240116;101031;1534.8;50;9394012928;S
20240116;101031;1534.8;42;9394012929;S
20240116;101031;1534.8;8;9394012930;S
20240116;101031;1534.6;2;9394012931;S
20240116;101031;1534.6;2;9394012932;S
20240116;101031;1534.6;6;9394012933;S
20240116;101031;1534.6;3;9394012934;S
20240116;101031;1536;2;9394012935;B
20240116;101031;1536;50;9394012936;B
20240116;101031;1536;184;9394012937;B
20240116;101031;1536.2;13;9394012938;B
20240116;101031;1535;1;9394012939;S
20240116;101031;1536.2;1;9394012940;B
20240116;101031;1535.2;4;9394013100;S
20240116;101031;1536;2;9394013109;B
20240116;101032;1535.2;2;9394013126;S
20240116;101032;1536;1;9394013130;B
20240116;101032;1535.2;1;9394013238;S
20240116;101032;1536;25;9394013261;B
20240116;101035;1535.8;1;9394013691;S
20240116;101037;1535.8;1;9394013933;S
20240116;101037;1535.6;1;9394013934;S
20240116;101037;1535.6;60;9394013935;S
20240116;101037;1535.6;14;9394013936;S
20240116;101037;1535.6;10;9394013937;S
20240116;101037;1535.4;114;9394013938;S
20240116;101039;1535.8;1;9394014234;S
20240116;101039;1535.4;99;9394014235;S
20240116;101039;1535.4;21;9394014245;S
20240116;101039;1535.2;34;9394014246;S
20240116;101040;1535;1;9394014538;S
20240116;101041;1535;8;9394014666;S
20240116;101041;1535;50;9394014667;S
20240116;101041;1535;2;9394014668;S
20240116;101041;1535;20;9394014669;S
20240116;101041;1535;1;9394014670;S
20240116;101041;1535;1;9394014671;S
20240116;101041;1535;2;9394014672;S
20240116;101041;1535;1;9394014673;S
20240116;101041;1535;60;9394014674;S
20240116;101041;1535;100;9394014676;B
20240116;101043;1535;3;9394014862;B
20240116;101044;1535;10;9394014917;B
20240116;101044;1534.8;10;9394015012;S
20240116;101044;1534.8;43;9394015013;S
20240116;101044;1534.8;14;9394015014;S
20240116;101044;1534.6;1;9394015015;S
20240116;101044;1534.6;4;9394015016;S
20240116;101044;1534.6;1;9394015017;S
20240116;101044;1534.6;10;9394015018;S
20240116;101044;1534.6;1;9394015019;S
20240116;101044;1534.6;1;9394015020;S
20240116;101044;1534.6;1;9394015021;S
20240116;101044;1534.6;40;9394015022;S
20240116;101044;1535;10;9394015036;B
20240116;101044;1535;6;9394015083;B
20240116;101044;1535;5;9394015086;B
20240116;101045;1534.8;1;9394015169;S
20240116;101045;1535;40;9394015205;B
20240116;101046;1535;1;9394015322;B
20240116;101048;1534.8;10;9394015529;S
20240116;101049;1534.8;10;9394015718;S
20240116;101049;1534.8;3;9394015719;S
20240116;101049;1535;1;9394015750;B
20240116;101049;1535;3;9394015771;B
20240116;101051;1535;168;9394015912;B
20240116;101051;1535;2;9394015917;B
20240116;101051;1535;106;9394015918;B
20240116;101051;1535;100;9394015919;B
20240116;101052;1535.4;50;9394016106;S
20240116;101053;1535.4;65;9394016195;S
20240116;101053;1535.4;60;9394016196;S
20240116;101053;1535.4;13;9394016197;S
20240116;101053;1535.2;130;9394016198;S
20240116;101053;1535.2;60;9394016199;S
20240116;101053;1535;172;9394016200;B
20240116;101053;1535;65;9394016236;S
20240116;101053;1535;65;9394016237;S
20240116;101053;1534.8;20;9394016238;S
20240116;101053;1535.2;12;9394016246;S
20240116;101053;1535.2;39;9394016247;S
20240116;101053;1535.2;21;9394016258;S
20240116;101053;1535;65;9394016259;S
20240116;101053;1535;60;9394016260;S
20240116;101054;1535;2;9394016315;B
20240116;101054;1534.8;10;9394016333;S
20240116;101054;1534.8;30;9394016426;S
20240116;101055;1534.8;30;9394016492;S
20240116;101055;1534.8;10;9394016569;S
20240116;101055;1534.6;36;9394016570;S
20240116;101055;1534.6;10;9394016571;S
20240116;101055;1534.6;14;9394016572;S
20240116;101055;1534.4;1;9394016573;S
20240116;101055;1534.4;1;9394016574;S
20240116;101055;1534.4;110;9394016575;S
20240116;101055;1534.4;5;9394016576;S
20240116;101055;1534.4;50;9394016577;S
20240116;101055;1534.4;10;9394016578;S
20240116;101055;1534.2;53;9394016579;S
20240116;101056;1534.8;1;9394016590;B
20240116;101056;1534.6;1;9394016604;S
20240116;101056;1534.2;3;9394016605;S
20240116;101056;1534.2;10;9394016627;S
20240116;101056;1534.8;25;9394016731;B
20240116;101057;1534.4;4;9394016861;S
20240116;101058;1534.4;1;9394016930;S
20240116;101058;1534.2;108;9394016931;S
20240116;101058;1534.2;10;9394016954;S
20240116;101059;1534.8;10;9394016996;B
20240116;101059;1534.6;10;9394017009;B
20240116;101059;1534.2;16;9394017144;S
20240116;101059;1534.2;1;9394017145;S
20240116;101059;1534.2;10;9394017146;S
20240116;101059;1534.2;1;9394017147;S
20240116;101059;1534.2;1;9394017148;S
20240116;101059;1534.2;1;9394017149;S
20240116;101059;1534.2;5;9394017150;S
20240116;101059;1534.2;4;9394017151;S
20240116;101100;1534.6;1;9394017282;B
20240116;101100;1534.6;1;9394017283;B
20240116;101102;1534.6;1;9394017551;B
20240116;101102;1534.2;40;9394017622;S
20240116;101102;1534.6;1;9394017630;B
20240116;101102;1534.6;65;9394017631;B
20240116;101102;1534.8;9;9394017632;B
20240116;101102;1534.2;10;9394017641;S
20240116;101103;1534.2;6;9394017749;S
20240116;101103;1534.2;1;9394017750;S
20240116;101103;1534.2;10;9394017751;S
20240116;101103;1534.2;76;9394017752;S
20240116;101103;1534.2;1;9394017753;S
20240116;101103;1534;5;9394017754;S
20240116;101103;1534;50;9394017755;S
20240116;101103;1534;2;9394017756;S
20240116;101103;1534;1;9394017757;S
20240116;101103;1534;2;9394017758;S
20240116;101103;1534;10;9394017759;S
20240116;101103;1534;1;9394017760;S
20240116;101103;1534;2;9394017761;S
20240116;101103;1534;100;9394017762;S
20240116;101103;1534;60;9394017763;S
20240116;101103;1534;11;9394017764;S
20240116;101103;1533.8;1;9394017765;S
20240116;101103;1533.8;41;9394017766;S
20240116;101103;1533.8;1;9394017767;S
20240116;101103;1534.8;4;9394017785;B
20240116;101103;1534;7;9394017789;B
20240116;101103;1534.8;3;9394017790;B
20240116;101104;1534.4;1;9394017833;S
20240116;101104;1533.8;4;9394017834;S
20240116;101104;1533.8;4;9394017836;S
20240116;101104;1533.8;2;9394017837;S
20240116;101104;1534;12;9394017838;B
20240116;101104;1534;4;9394017869;S
20240116;101104;1534;6;9394017870;S
20240116;101104;1534;11;9394017874;S
20240116;101104;1534;10;9394017875;S
20240116;101104;1534.4;1;9394017878;S
20240116;101104;1534;33;9394017879;S
20240116;101104;1534;1;9394017880;S
20240116;101104;1533.8;63;9394017881;S
20240116;101104;1533.8;1;9394017882;S
20240116;101104;1533.8;1;9394017883;S
20240116;101104;1533.8;49;9394017885;S
20240116;101104;1533.8;60;9394017886;S
20240116;101104;1533.6;50;9394017887;S
20240116;101104;1533.6;1;9394017888;S
20240116;101104;1533.6;150;9394017889;S
20240116;101104;1533.6;10;9394017890;S
20240116;101104;1533.8;65;9394017892;S
20240116;101104;1533.6;66;9394017893;S
20240116;101104;1533.6;500;9394017894;S
20240116;101104;1533.4;119;9394017895;S
20240116;101104;1533.6;10;9394017919;S
20240116;101104;1533.8;1;9394017931;S
20240116;101104;1533.8;60;9394017932;S
20240116;101104;1533.6;55;9394017933;S
20240116;101104;1533.6;40;9394017934;S
20240116;101104;1534;5;9394017936;B
20240116;101104;1534;1;9394017939;B
20240116;101104;1533.6;50;9394017941;S
20240116;101104;1533.6;65;9394017942;S
20240116;101104;1533.4;1;9394017943;S
20240116;101104;1534;3;9394017948;B
20240116;101104;1534.2;7;9394017949;B
20240116;101105;1533.8;1;9394017999;S
20240116;101105;1533.4;1;9394018000;S
20240116;101105;1533.4;20;9394018056;S
20240116;101106;1534.2;1;9394018151;B
20240116;101106;1534.2;1;9394018182;B
20240116;101107;1534;7;9394018418;B
20240116;101108;1533.6;13;9394018521;S
20240116;101108;1533.4;1;9394018522;S
20240116;101108;1533.4;72;9394018523;S
20240116;101108;1533.4;20;9394018543;S
20240116;101108;1533.4;10;9394018553;S
20240116;101109;1534;1;9394018674;B
20240116;101109;1533.8;1;9394018759;B
20240116;101109;1534;299;9394018760;B
20240116;101109;1533.4;10;9394018761;S
20240116;101110;1534;3;9394018818;B
20240116;101111;1534;2;9394018968;B
20240116;101111;1534;1;9394018969;B
20240116;101113;1533.8;1;9394019292;S
20240116;101113;1533.8;9;9394019293;S
20240116;101113;1534;1;9394019294;B
20240116;101113;1534;49;9394019295;B
20240116;101114;1533.6;1;9394019364;S
20240116;101114;1533.6;76;9394019365;S
20240116;101114;1533.6;2;9394019366;S
20240116;101114;1533.6;65;9394019367;S
20240116;101114;1533.6;56;9394019368;S
20240116;101115;1533.6;4;9394019565;S
20240116;101115;1533.6;6;9394019566;S
20240116;101115;1533.6;6;9394019577;S
20240116;101115;1533.8;13;9394019672;S
20240116;101115;1533.6;47;9394019673;S
20240116;101116;1533.6;1;9394019765;S
20240116;101116;1533.6;1;9394019766;S
20240116;101116;1533.6;8;9394019767;S
20240116;101117;1533.8;1;9394019843;S
20240116;101117;1533.4;7;9394019844;S
20240116;101118;1533.6;8;9394019981;S
20240116;101119;1533.4;2;9394020070;S
20240116;101119;1534;2;9394020072;B
20240116;101119;1533.6;1;9394020129;S
20240116;101119;1533.6;60;9394020130;S
20240116;101119;1533.4;56;9394020131;S
20240116;101120;1533.4;17;9394020250;S
20240116;101121;1533.6;13;9394020432;S
20240116;101121;1533.6;60;9394020433;S
20240116;101121;1533.4;7;9394020434;S
20240116;101121;1533.4;6;9394020543;S
20240116;101122;1533.4;5;9394020637;S
20240116;101123;1533.6;10;9394020742;S
20240116;101125;1534;1;9394020968;B
20240116;101127;1534;1;9394021231;B
20240116;101128;1533.8;1;9394021298;S
20240116;101128;1534;1;9394021341;B
20240116;101128;1533.8;20;9394021418;S
20240116;101129;1533.8;32;9394021434;S
20240116;101130;1533.8;247;9394021830;S
20240116;101130;1533.8;60;9394021831;S
20240116;101130;1533.8;13;9394021832;S
20240116;101130;1533.8;100;9394021833;S
20240116;101130;1533.6;100;9394021834;S
20240116;101130;1533.6;65;9394021835;S
20240116;101130;1533.6;16;9394021836;S
20240116;101130;1533.4;17;9394021837;S
20240116;101132;1533.6;1;9394022473;B
20240116;101133;1533.6;1;9394022563;B
20240116;101133;1533.6;20;9394022582;B
20240116;101134;1533.6;15;9394022932;B
20240116;101134;1533.4;32;9394023006;S
20240116;101135;1533.6;3;9394023391;B
20240116;101135;1533.4;3;9394023403;S
20240116;101135;1533.6;10;9394023410;B
20240116;101135;1533.8;27;9394023411;B
20240116;101135;1533.6;5;9394023526;S
20240116;101136;1533.8;17;9394023597;B
20240116;101136;1533.6;2;9394023709;S
20240116;101136;1533.6;60;9394023710;S
20240116;101136;1533.6;65;9394023711;S
20240116;101136;1533.4;622;9394023712;S
20240116;101136;1533.4;1;9394023713;S
20240116;101138;1533.8;1;9394023964;B
20240116;101138;1533.8;1;9394024000;B
20240116;101138;1533.4;9;9394024001;S
20240116;101138;1533.4;3;9394024002;S
20240116;101138;1533.4;36;9394024003;S
20240116;101141;1533.6;12;9394024318;S
20240116;101141;1533.6;60;9394024319;S
20240116;101141;1533.6;100;9394024320;S
20240116;101141;1533.4;128;9394024321;S
20240116;101141;1534;5;9394024344;B
20240116;101142;1534;10;9394024439;B
20240116;101142;1533.6;11;9394024546;S
20240116;101142;1533.4;89;9394024547;S
20240116;101143;1533.6;50;9394024624;S
20240116;101147;1534;66;9394025206;B
20240116;101147;1534;50;9394025207;B
20240116;101147;1534;20;9394025208;B
20240116;101147;1534;13;9394025209;B
20240116;101147;1534.2;31;9394025210;B
20240116;101147;1533.8;44;9394025223;S
20240116;101148;1534.2;10;9394025327;B
20240116;101148;1534.2;40;9394025328;B
20240116;101149;1534.2;100;9394025438;B
20240116;101150;1534.2;500;9394025530;B
20240116;101150;1534.2;1;9394025564;B
20240116;101150;1534;1;9394025605;S
20240116;101151;1534;10;9394025713;B
20240116;101151;1533.8;8;9394025739;S
20240116;101153;1534;59;9394026121;B
20240116;101153;1534;5;9394026122;B
20240116;101153;1534.2;36;9394026123;B
20240116;101153;1534;13;9394026137;S
20240116;101153;1534.2;10;9394026138;B
20240116;101154;1534;1;9394026246;S
20240116;101156;1534.2;2;9394026501;B
20240116;101156;1534.2;100;9394026533;B
20240116;101156;1534.2;212;9394026534;B
20240116;101156;1534.2;6;9394026538;S
20240116;101157;1534.2;1;9394026668;S
20240116;101157;1534.2;1;9394026683;S
20240116;101159;1535;5;9394026957;B
20240116;101159;1535;5;9394027049;B
20240116;101159;1534.4;2;9394027053;S
20240116;101159;1534.4;60;9394027054;S
20240116;101159;1534.4;14;9394027055;S
20240116;101159;1534.2;63;9394027056;S
20240116;101159;1534.2;2;9394027057;S
20240116;101159;1534.2;20;9394027058;S
20240116;101159;1534;15;9394027059;S
20240116;101159;1534;2;9394027060;S
20240116;101159;1534;500;9394027061;S
20240116;101159;1533.8;48;9394027062;S
20240116;101159;1533.8;200;9394027063;S
20240116;101159;1533.8;2;9394027064;S
20240116;101159;1533.8;10;9394027065;S
20240116;101159;1533.8;20;9394027066;S
20240116;101159;1533.6;742;9394027067;S
20240116;101159;1533.8;8;9394027070;S
20240116;101159;1533.8;8;9394027071;S
20240116;101204;1534.8;4;9394027626;B
20240116;101204;1534.8;5;9394027627;B
20240116;101204;1534.8;2;9394027657;B
20240116;101205;1534.8;1;9394027762;B
20240116;101206;1534.2;2;9394027905;S
20240116;101206;1534;2;9394027906;S
20240116;101206;1534;2;9394027907;S
20240116;101209;1534.2;2;9394028314;S
20240116;101210;1534.8;8;9394028337;B
20240116;101210;1534.8;2;9394028338;B
20240116;101210;1534.8;1;9394028388;B
20240116;101211;1534.4;1;9394028565;S
20240116;101212;1534.8;1;9394028649;B
20240116;101212;1534.8;1;9394028712;B
20240116;101212;1534.8;1;9394028721;B
20240116;101212;1534.8;1;9394028737;B
20240116;101213;1534.8;1;9394028783;B
20240116;101213;1534.8;1;9394028833;B
20240116;101214;1534.8;1;9394028867;B
20240116;101214;1534.8;1;9394028872;B
20240116;101214;1534.8;1;9394028906;B
20240116;101214;1534.8;1;9394028949;B
20240116;101214;1534.6;1;9394028956;S
20240116;101215;1534.8;1;9394029100;B
20240116;101215;1534.8;6;9394029191;B
20240116;101215;1534.8;4;9394029192;B
20240116;101216;1534.8;10;9394029313;B
20240116;101217;1534.6;1;9394029380;S
20240116;101217;1534.8;1;9394029495;B
20240116;101218;1534.6;12;9394029521;S
20240116;101218;1534.8;5;9394029585;B
20240116;101218;1534.6;60;9394029609;S
20240116;101218;1534.6;7;9394029630;S
20240116;101219;1534.8;1;9394029678;B
20240116;101219;1534.8;4;9394029783;B
20240116;101219;1534.6;1;9394029912;S
20240116;101220;1534.8;1;9394030141;B
20240116;101221;1534.8;1;9394030280;B
20240116;101222;1534.8;11;9394030572;B
20240116;101222;1534.8;9;9394030573;B
20240116;101223;1534.8;10;9394030666;S
20240116;101224;1534.8;13;9394030828;S
20240116;101226;1534.8;1;9394031208;S
20240116;101226;1535;5;9394031305;B
20240116;101227;1534.8;3;9394031455;S
20240116;101227;1534.8;3;9394031570;S
20240116;101229;1534.8;6;9394032301;S
20240116;101231;1534.8;44;9394033028;S
20240116;101231;1534.8;150;9394033029;S
20240116;101231;1534.8;114;9394033030;S
20240116;101231;1535;5;9394033184;B
20240116;101231;1534.8;46;9394033277;S
20240116;101231;1534.6;20;9394033427;S
20240116;101231;1534.4;1;9394033428;S
20240116;101231;1534.4;1;9394033429;S
20240116;101231;1534.2;1;9394033430;S
20240116;101231;1534.2;13;9394033431;S
20240116;101231;1534;1;9394033432;S
20240116;101231;1534;63;9394033433;S
20240116;101232;1534.6;1;9394033565;B
20240116;101232;1534.6;1;9394033582;B
20240116;101232;1534.8;1;9394033760;B
20240116;101233;1534.8;64;9394033806;B
20240116;101233;1535;36;9394033807;B
20240116;101233;1534.6;1;9394034014;S
20240116;101234;1534.6;32;9394034259;S
20240116;101235;1534.6;1;9394034825;S
20240116;101235;1534.8;2;9394034829;B
20240116;101235;1534.8;1;9394034978;B
20240116;101235;1534.6;22;9394035239;S
20240116;101235;1534.2;13;9394035380;B
20240116;101235;1534.4;77;9394035381;B
20240116;101236;1534;9;9394035689;S
20240116;101236;1534.4;4;9394035910;B
20240116;101238;1534.4;10;9394036550;B
20240116;101238;1534;128;9394036709;S
20240116;101238;1534;22;9394036710;S
20240116;101239;1534;28;9394037296;S
20240116;101239;1534;72;9394037297;S
20240116;101239;1534;28;9394037299;S
20240116;101239;1534;2;9394037300;S
20240116;101239;1534;2;9394037301;S
20240116;101239;1534;3;9394037302;S
20240116;101239;1534;10;9394037303;S
20240116;101239;1534;1;9394037304;S
20240116;101239;1534;14;9394037305;S
20240116;101240;1534.2;2;9394037610;B
20240116;101240;1534.4;1;9394037860;B
20240116;101240;1534.4;1;9394037861;B
20240116;101243;1534.2;1;9394038547;B
20240116;101244;1534.2;2;9394038630;B
20240116;101244;1534.2;1;9394038631;B
20240116;101245;1534.2;95;9394038850;B
20240116;101246;1534;16;9394039097;S
20240116;101246;1534;50;9394039098;S
20240116;101246;1534;64;9394039099;S
20240116;101246;1534.2;1;9394039102;B
20240116;101247;1534;70;9394039395;S
20240116;101248;1534;16;9394039501;S
20240116;101248;1534;325;9394039509;S
20240116;101249;1534.2;13;9394039713;B
20240116;101249;1534.2;4;9394039714;B
20240116;101249;1534.4;260;9394039715;B
20240116;101249;1534.4;41;9394039716;B
20240116;101249;1534.8;10;9394039717;B
20240116;101249;1534.8;60;9394039718;B
20240116;101249;1534.8;25;9394039719;S
20240116;101249;1534.8;127;9394039809;S
20240116;101249;1534.2;70;9394039810;S
20240116;101249;1534;240;9394039811;S
20240116;101253;1534;337;9394040635;S
20240116;101253;1534;10;9394040636;S
20240116;101254;1534.2;2;9394040922;B
20240116;101255;1534;39;9394041249;S
20240116;101255;1534;1;9394041306;S
20240116;101255;1534;51;9394041307;S
20240116;101255;1533.8;48;9394041308;S
20240116;101256;1534.4;25;9394041560;B
20240116;101256;1534.4;100;9394041629;S
20240116;101259;1534.4;9;9394042325;S
20240116;101300;1534.4;5;9394042981;S
20240116;101300;1534.4;29;9394043019;S
20240116;101300;1534.4;5;9394043023;S
20240116;101300;1534.4;137;9394043091;S
20240116;101300;1534.4;6;9394043095;S
20240116;101300;1534.4;5;9394043116;S
20240116;101301;1534.4;6;9394043176;S
20240116;101301;1534.4;5;9394043192;S
20240116;101301;1534.4;14;9394043375;S
20240116;101301;1534.4;14;9394043376;S
20240116;101302;1534.4;13;9394043979;B
20240116;101302;1534.4;7;9394043980;B
20240116;101304;1534.4;1;9394044529;B
20240116;101305;1534.2;71;9394044781;S
20240116;101305;1534.2;3;9394044782;S
20240116;101305;1534.2;1;9394044809;S
20240116;101305;1534.2;2;9394044810;S
20240116;101305;1534.2;1;9394044827;S
20240116;101306;1534.2;12;9394045257;S
20240116;101306;1534.2;1;9394045258;S
20240116;101307;1534.2;15;9394045814;S
20240116;101307;1534.2;3;9394045907;S
20240116;101307;1534.2;17;9394046014;S
20240116;101307;1534.2;2;9394046018;S
20240116;101308;1534.2;2;9394046113;S
20240116;101308;1534.2;3;9394046198;S
20240116;101309;1534.2;4;9394046470;S
20240116;101309;1534.2;1;9394046473;S
20240116;101309;1534.2;1;9394046578;S
20240116;101309;1534.2;1;9394046710;S
20240116;101310;1534.2;1;9394046718;S
20240116;101310;1534.2;1;9394046943;S
20240116;101312;1534.4;5;9394047300;B
20240116;101312;1534.2;5;9394047390;S
20240116;101313;1534.2;60;9394047716;S
20240116;101314;1534.2;83;9394047829;S
20240116;101314;1534.2;1;9394047830;S
20240116;101314;1534.2;30;9394048002;B
20240116;101319;1534.2;1;9394049063;B
20240116;101320;1534;10;9394049478;S
20240116;101320;1534;10;9394049479;S
20240116;101324;1534;2;9394050598;S
20240116;101324;1534.2;1;9394050648;B
20240116;101324;1534;1;9394050650;S
20240116;101325;1534.2;1;9394050956;B
20240116;101327;1534;17;9394051274;S
20240116;101327;1534;1;9394051275;S
20240116;101327;1534;2;9394051276;S
20240116;101329;1534;2;9394051654;S
20240116;101329;1534;1;9394051666;S
20240116;101329;1534;5;9394051667;S
20240116;101329;1534;100;9394051668;S
20240116;101329;1534;4;9394051669;S
20240116;101329;1534;5;9394051894;B
20240116;101331;1533.8;10;9394052546;S
20240116;101332;1534;2;9394052557;B
20240116;101332;1533.8;92;9394052735;S
20240116;101332;1533.8;36;9394052736;S
20240116;101332;1533.8;1;9394052786;S
20240116;101335;1534;15;9394053553;B
20240116;101335;1534;13;9394053554;B
20240116;101335;1534;36;9394053555;B
20240116;101335;1533.8;11;9394053578;S
20240116;101335;1533.8;62;9394053579;S
20240116;101335;1533.8;30;9394053580;S
20240116;101335;1533.8;2;9394053581;S
20240116;101335;1533.6;8;9394053582;S
20240116;101335;1533.6;2;9394053583;S
20240116;101335;1533.6;2;9394053584;S
20240116;101335;1533.6;4;9394053585;S
20240116;101335;1533.4;50;9394053586;S
20240116;101335;1533.4;1;9394053587;S
20240116;101335;1533.4;2;9394053588;S
20240116;101335;1533.4;5;9394053589;S
20240116;101335;1533.4;2;9394053590;S
20240116;101335;1533.4;58;9394053591;S
20240116;101335;1533.4;2;9394053592;S
20240116;101335;1533.4;9;9394053593;S
20240116;101335;1533.4;13;9394053594;S
20240116;101335;1533.2;1;9394053595;S
20240116;101335;1533.2;10;9394053596;S
20240116;101335;1533.2;120;9394053597;S
20240116;101335;1533.2;1;9394053598;S
20240116;101335;1533.2;3;9394053599;S
20240116;101335;1533.2;1;9394053600;S
20240116;101335;1533.2;2;9394053601;S
20240116;101335;1533.2;7;9394053602;S
20240116;101335;1533.2;10;9394053603;S
20240116;101335;1533.2;10;9394053604;S
20240116;101335;1533.2;1;9394053605;S
20240116;101335;1533.2;2;9394053606;S
20240116;101335;1533.2;10;9394053607;S
20240116;101335;1533.2;1;9394053608;S
20240116;101335;1533.2;10;9394053609;S
20240116;101335;1533.2;5;9394053610;S
20240116;101335;1533.2;5;9394053611;S
20240116;101335;1533;5;9394053612;S
20240116;101335;1533;3;9394053613;S
20240116;101335;1533;1;9394053614;S
20240116;101335;1533;10;9394053615;S
20240116;101335;1533;2;9394053616;S
20240116;101335;1533;1;9394053617;S
20240116;101335;1533;1;9394053618;S
20240116;101335;1533;6;9394053619;S
20240116;101335;1533;2;9394053620;S
20240116;101335;1533;2;9394053621;S
20240116;101335;1533;2;9394053622;S
20240116;101335;1533;1;9394053623;S
20240116;101335;1533;1;9394053624;S
20240116;101335;1533;5;9394053625;S
20240116;101335;1533;100;9394053626;S
20240116;101335;1533;50;9394053627;S
20240116;101335;1533;1;9394053628;S
20240116;101335;1533;8;9394053629;S
20240116;101335;1533;5;9394053630;S
20240116;101335;1533;20;9394053631;S
20240116;101335;1533;61;9394053632;S
20240116;101335;1533;7;9394053633;S
20240116;101335;1533;1;9394053634;S
20240116;101335;1533;1;9394053635;S
20240116;101335;1533;1;9394053636;S
20240116;101335;1533;5;9394053637;S
20240116;101335;1533;1;9394053638;S
20240116;101335;1533;4;9394053639;S
20240116;101335;1533;100;9394053640;S
20240116;101335;1533;10;9394053641;S
20240116;101335;1533;7;9394053642;S
20240116;101335;1533;1;9394053643;S
20240116;101335;1533;3;9394053644;S
20240116;101335;1533;75;9394053645;S
20240116;101335;1533;60;9394053646;S
20240116;101335;1532.8;3;9394053647;S
20240116;101335;1532.8;10;9394053648;S
20240116;101335;1532.8;2750;9394053649;S
20240116;101335;1532.8;1;9394053650;S
20240116;101335;1532.8;1;9394053651;S
20240116;101335;1532.8;1;9394053652;S
20240116;101335;1532.8;1;9394053656;B
20240116;101336;1532.8;1;9394053665;B
20240116;101336;1532.6;1;9394053670;S
20240116;101336;1532.6;4;9394053671;S
20240116;101336;1532.6;5;9394053675;S
20240116;101336;1532.6;166;9394053694;S
20240116;101336;1532.6;1;9394053695;S
20240116;101336;1532.6;1;9394053696;S
20240116;101336;1532.6;32;9394053697;S
20240116;101336;1532.6;10;9394053705;S
20240116;101336;1532.6;6;9394053708;S
20240116;101336;1532.8;10;9394053730;B
20240116;101336;1532.6;2;9394053750;S
20240116;101336;1532.6;1;9394053751;S
20240116;101336;1532.6;7;9394053752;S
20240116;101336;1532.8;1;9394053757;B
20240116;101336;1532.6;10;9394053804;S
20240116;101336;1532.6;6;9394053845;S
20240116;101336;1532.8;5;9394053846;B
20240116;101336;1532.6;96;9394053847;S
20240116;101336;1532.6;40;9394053874;S
20240116;101336;1532.8;25;9394053883;B
20240116;101337;1532.6;2;9394053907;S
20240116;101337;1532.6;1;9394053908;S
20240116;101337;1532.6;1;9394053966;S
20240116;101337;1532.8;5;9394053988;B
20240116;101339;1532.6;10;9394054314;S
20240116;101339;1532.8;1;9394054326;B
20240116;101341;1532.6;1;9394054777;S
20240116;101342;1532.6;6;9394055434;S
20240116;101343;1532.6;2;9394055880;S
20240116;101346;1532.8;100;9394056839;B
20240116;101347;1532.8;5;9394056925;B
20240116;101348;1532.6;79;9394057129;S
20240116;101348;1532.6;2;9394057130;S
20240116;101348;1532.6;3;9394057131;S
20240116;101348;1532.6;1;9394057132;S
20240116;101348;1532.4;15;9394057133;S
20240116;101349;1532.4;35;9394057270;S
20240116;101349;1532.4;5;9394057271;S
20240116;101349;1532.4;8;9394057272;S
20240116;101349;1532.4;1;9394057273;S
20240116;101349;1532.2;1;9394057274;S
20240116;101349;1532.2;20;9394057275;S
20240116;101349;1532.2;1;9394057276;S
20240116;101349;1532.2;5;9394057277;S
20240116;101349;1532.2;1;9394057278;S
20240116;101349;1532.2;5;9394057279;S
20240116;101349;1532;3;9394057280;S
20240116;101349;1532;1;9394057281;S
20240116;101349;1532;1;9394057282;S
20240116;101349;1532;5;9394057283;S
20240116;101349;1532;20;9394057284;S
20240116;101349;1532;2;9394057285;S
20240116;101349;1532;1;9394057286;S
20240116;101349;1532;1;9394057287;S
20240116;101349;1532;3;9394057288;S
20240116;101349;1532;16;9394057289;S
20240116;101349;1532;1;9394057290;S
20240116;101349;1532;5;9394057291;S
20240116;101349;1532;120;9394057292;S
20240116;101349;1532;5;9394057293;S
20240116;101349;1532;100;9394057294;S
20240116;101349;1532;1;9394057295;S
20240116;101349;1532;2;9394057296;S
20240116;101349;1532;10;9394057297;S
20240116;101349;1532;14;9394057298;S
20240116;101349;1532;1;9394057299;S
20240116;101349;1532;2;9394057300;S
20240116;101349;1532;4;9394057301;S
20240116;101349;1532;261;9394057302;S
20240116;101349;1532;13;9394057303;S
20240116;101349;1531.8;1;9394057304;S
20240116;101349;1531.6;405;9394057305;S
20240116;101349;1531.6;60;9394057306;S
20240116;101349;1531.6;10;9394057307;S
20240116;101349;1531.6;1;9394057308;S
20240116;101349;1531.6;145;9394057309;S
20240116;101349;1531.6;8;9394057310;S
20240116;101349;1531.6;2;9394057311;S
20240116;101349;1531.6;1;9394057312;S
20240116;101349;1531.4;2;9394057313;S
20240116;101349;1531.4;5;9394057314;S
20240116;101349;1531.4;5;9394057315;S
20240116;101349;1531.4;1;9394057316;S
20240116;101349;1531.4;50;9394057317;S
20240116;101349;1531.4;17;9394057318;S
20240116;101349;1531.2;3;9394057319;S
20240116;101349;1531.2;2;9394057320;S
20240116;101349;1531.2;1;9394057321;S
20240116;101349;1531.2;1;9394057322;S
20240116;101349;1531.2;1;9394057323;S
20240116;101349;1531.2;1;9394057324;S
20240116;101349;1531.2;56;9394057325;S
20240116;101349;1531.2;1;9394057326;S
20240116;101349;1531.2;5;9394057327;S
20240116;101349;1531.2;100;9394057328;S
20240116;101349;1531.2;20;9394057329;S
20240116;101349;1531.2;100;9394057330;S
20240116;101349;1531.2;100;9394057331;S
20240116;101349;1531.2;1;9394057332;S
20240116;101349;1531.2;5;9394057333;S
20240116;101349;1531.2;2;9394057334;S
20240116;101349;1531.2;100;9394057335;S
20240116;101349;1531.2;8;9394057336;S
20240116;101349;1531.2;2;9394057337;S
20240116;101349;1531;1;9394057338;S
20240116;101349;1531;200;9394057339;S
20240116;101349;1531;500;9394057340;S
20240116;101349;1531;10;9394057341;S
20240116;101349;1531;2;9394057342;S
20240116;101349;1531;20;9394057343;S
20240116;101349;1531;10;9394057344;S
20240116;101349;1531;25;9394057345;S
20240116;101349;1531;1;9394057346;S
20240116;101349;1531;5;9394057347;S
20240116;101349;1531;1;9394057348;S
20240116;101349;1531;20;9394057349;S
20240116;101349;1531;1;9394057350;S
20240116;101349;1531;1;9394057351;S
20240116;101349;1531;170;9394057352;S
20240116;101349;1531;20;9394057353;S
20240116;101349;1531;10;9394057354;S
20240116;101349;1531;100;9394057355;S
20240116;101349;1531;1;9394057356;S
20240116;101349;1530.8;50;9394057357;S
20240116;101349;1530.8;100;9394057358;S
20240116;101349;1530.8;60;9394057359;S
20240116;101349;1530.8;1;9394057360;S
20240116;101349;1530.6;3;9394057361;S
20240116;101349;1530.6;4;9394057362;S
20240116;101349;1530.6;20;9394057363;S
20240116;101349;1530.6;1;9394057364;S
20240116;101349;1530.6;25;9394057365;S
20240116;101349;1530.6;40;9394057366;S
20240116;101349;1530.6;50;9394057367;S
20240116;101349;1530.6;2;9394057368;S
20240116;101349;1530.6;4;9394057369;S
20240116;101349;1530.4;50;9394057370;S
20240116;101349;1530.4;1;9394057371;S
20240116;101349;1530.4;1;9394057372;S
20240116;101349;1530.4;10;9394057373;S
20240116;101349;1530.4;10;9394057374;S
20240116;101349;1530.4;10;9394057375;S
20240116;101349;1530.4;300;9394057376;S
20240116;101349;1530.4;6;9394057377;S
20240116;101349;1530.2;10;9394057378;S
20240116;101349;1530.2;3;9394057379;S
20240116;101349;1530.2;50;9394057380;S
20240116;101349;1530.2;1;9394057381;S
20240116;101349;1530.2;3;9394057382;S
20240116;101349;1530.2;1;9394057383;S
20240116;101349;1530.2;10;9394057384;S
20240116;101349;1530.2;1;9394057385;S
20240116;101349;1530.2;1;9394057386;S
20240116;101349;1530.2;40;9394057387;S
20240116;101349;1530.2;100;9394057388;S
20240116;101349;1530.2;1000;9394057389;S
20240116;101349;1530.2;100;9394057390;S
20240116;101349;1530.2;1;9394057391;S
20240116;101349;1530.2;50;9394057392;S
20240116;101349;1530.2;3;9394057393;S
20240116;101349;1530.2;50;9394057394;S
20240116;101349;1530.2;1;9394057395;S
20240116;101349;1530.2;1;9394057396;S
20240116;101349;1530.2;326;9394057397;S
20240116;101349;1530.2;10;9394057398;S
20240116;101349;1530.2;1;9394057399;S
20240116;101349;1530.2;500;9394057400;S
20240116;101349;1530.2;100;9394057401;S
20240116;101349;1530.2;5;9394057402;S
20240116;101349;1530.2;60;9394057403;S
20240116;101349;1530;50;9394057404;S
20240116;101349;1530;1;9394057405;S
20240116;101349;1530;7;9394057406;S
20240116;101349;1530;10;9394057407;S
20240116;101349;1530;1;9394057408;S
20240116;101349;1530;5;9394057409;S
20240116;101349;1530;1;9394057410;S
20240116;101349;1530;30;9394057411;S
20240116;101349;1530;1;9394057412;S
20240116;101349;1530;1;9394057413;S
20240116;101349;1530;10;9394057414;S
20240116;101349;1530;14;9394057415;S
20240116;101349;1530;1;9394057416;S
20240116;101349;1530;50;9394057417;S
20240116;101349;1530;100;9394057418;S
20240116;101349;1530;150;9394057419;S
20240116;101349;1530;1;9394057420;S
20240116;101349;1530;100;9394057421;S
20240116;101349;1530;4;9394057422;S
20240116;101349;1530;100;9394057423;S
20240116;101349;1530;10;9394057424;S
20240116;101349;1530;20;9394057425;S
20240116;101349;1530;20;9394057426;S
20240116;101349;1530;4;9394057427;S
20240116;101349;1530;100;9394057428;S
20240116;101349;1530;100;9394057429;S
20240116;101349;1530;5;9394057430;S
20240116;101349;1530;1;9394057431;S
20240116;101349;1530;300;9394057432;S
20240116;101349;1530;15;9394057433;S
20240116;101349;1530;20;9394057434;S
20240116;101349;1530;2;9394057435;S
20240116;101349;1530;87;9394057436;S
20240116;101349;1530;1;9394057437;S
20240116;101349;1530;2;9394057438;S
20240116;101349;1530;1;9394057439;S
20240116;101349;1530;10;9394057440;S
20240116;101349;1530;9;9394057441;S
20240116;101349;1530;1;9394057442;S
20240116;101349;1530;2000;9394057443;S
20240116;101349;1530;485;9394057444;S
20240116;101349;1530.6;4;9394057445;S
20240116;101349;1530.6;5;9394057446;S
20240116;101349;1530.6;1;9394057447;S
20240116;101349;1530.6;12;9394057448;S
20240116;101349;1530.6;5;9394057449;S
20240116;101349;1530.6;30;9394057451;S
20240116;101349;1531.4;7;9394057467;B
20240116;101349;1531.4;1;9394057471;B
20240116;101349;1530.2;1;9394057478;S
20240116;101349;1531.4;50;9394057479;B
20240116;101349;1530.2;6;9394057493;S
20240116;101349;1530.2;203;9394057516;S
20240116;101349;1530.2;10;9394057517;S
20240116;101349;1530;25;9394057518;S
20240116;101349;1530;20;9394057519;S
20240116;101349;1530;6;9394057520;S
20240116;101349;1530;30;9394057521;S
20240116;101349;1530;13;9394057530;S
20240116;101349;1530;4;9394057531;S
20240116;101349;1530;249;9394057532;S
20240116;101349;1530;193;9394057533;S
20240116;101349;1530;41;9394057534;S
20240116;101349;1530;11;9394057535;S
20240116;101349;1530;17;9394057536;S
20240116;101349;1530;2;9394057537;S
20240116;101349;1530;5;9394057551;S
20240116;101349;1530;284;9394057552;S
20240116;101349;1530;1;9394057553;S
20240116;101349;1530;60;9394057554;S
20240116;101349;1531.2;2;9394057555;B
20240116;101349;1531.2;3;9394057556;B
20240116;101349;1530;2;9394057558;S
20240116;101349;1530;6;9394057559;S
20240116;101349;1530;3;9394057560;S
20240116;101349;1530.8;1;9394057561;B
20240116;101349;1530.8;122;9394057562;B
20240116;101349;1531;14;9394057563;B
20240116;101349;1531.2;14;9394057564;B
20240116;101349;1530;5;9394057565;S
20240116;101349;1530;50;9394057566;S
20240116;101349;1530;2;9394057567;S
20240116;101349;1530.4;2;9394057568;S
20240116;101349;1530.4;1;9394057569;S
20240116;101349;1530;32;9394057570;S
20240116;101349;1530;7;9394057571;S
20240116;101349;1530;5;9394057572;S
20240116;101349;1531.2;30;9394057573;B
20240116;101349;1530;4;9394057574;S
20240116;101349;1530;2;9394057575;S
20240116;101349;1530;10;9394057576;S
20240116;101349;1531.2;4;9394057578;B
20240116;101349;1530;39;9394057579;S
20240116;101349;1530;20;9394057580;S
20240116;101349;1530;60;9394057581;S
20240116;101349;1530;9;9394057582;S
20240116;101349;1530.2;50;9394057586;B
20240116;101350;1530.6;20;9394057628;S
20240116;101350;1531.2;1;9394057629;B
20240116;101350;1531.2;11;9394057632;B
20240116;101350;1531.6;14;9394057633;B
20240116;101350;1531.6;1;9394057635;B
20240116;101350;1531.2;4;9394057636;S
20240116;101350;1531.2;21;9394057651;S
20240116;101350;1530.6;30;9394057652;S
20240116;101350;1530.6;29;9394057653;S
20240116;101350;1531.6;27;9394057654;B
20240116;101350;1531.4;1;9394057656;B
20240116;101350;1530.6;10;9394057657;S
20240116;101350;1531.4;2;9394057660;B
20240116;101350;1530.6;6;9394057661;S
20240116;101350;1530.6;14;9394057662;S
20240116;101350;1530.6;1;9394057663;S
20240116;101350;1530.4;1;9394057664;S
20240116;101350;1530.4;1;9394057665;S
20240116;101350;1530.4;1;9394057666;S
20240116;101350;1530.2;1;9394057667;S
20240116;101350;1530.2;22;9394057668;S
20240116;101350;1530.2;3;9394057669;S
20240116;101350;1530.2;4;9394057670;S
20240116;101350;1530.2;20;9394057679;S
20240116;101350;1530.2;1;9394057680;S
20240116;101350;1530.2;5;9394057681;S
20240116;101350;1530.2;14;9394057683;S
20240116;101350;1530.2;10;9394057690;S
20240116;101350;1531.4;1;9394057701;B
20240116;101350;1530.2;1;9394057706;S
20240116;101350;1530.2;2;9394057724;S
20240116;101350;1530.2;9;9394057731;S
20240116;101350;1530.6;5;9394057761;S
20240116;101350;1530.2;8;9394057762;S
20240116;101350;1530.2;2;9394057763;S
20240116;101350;1530;95;9394057764;S
20240116;101350;1530;1;9394057766;S
20240116;101350;1530;20;9394057767;S
20240116;101350;1530.2;6;9394057771;S
20240116;101350;1530;94;9394057772;S
20240116;101350;1530;88;9394057773;S
20240116;101350;1530;1;9394057774;S
20240116;101350;1530;20;9394057775;S
20240116;101350;1530;67;9394057776;S
20240116;101350;1531.2;17;9394057779;B
20240116;101350;1531.2;1;9394057781;B
20240116;101350;1530;1;9394057782;S
20240116;101350;1530;2;9394057783;S
20240116;101350;1531.2;2;9394057784;B
20240116;101350;1531.2;13;9394057811;B
20240116;101350;1530.4;10;9394057814;S
20240116;101350;1531.4;1;9394057815;B
20240116;101350;1531;15;9394057817;S
20240116;101350;1530.4;35;9394057818;S
20240116;101350;1530.4;50;9394057822;S
20240116;101350;1530.6;1;9394057827;S
20240116;101350;1530.4;5;9394057828;S
20240116;101350;1530;14;9394057829;S
20240116;101350;1530;50;9394057830;S
20240116;101350;1530;15;9394057831;S
20240116;101350;1530;6;9394057832;S
20240116;101350;1530;1;9394057836;S
20240116;101350;1530;28;9394057838;S
20240116;101350;1530;22;9394057840;S
20240116;101350;1530;24;9394057844;S
20240116;101350;1530.2;1;9394057848;S
20240116;101350;1530;6;9394057849;S
20240116;101350;1531;11;9394057857;S
20240116;101350;1530;2;9394057858;S
20240116;101350;1530;7;9394057863;S
20240116;101350;1530.4;2;9394057876;S
20240116;101350;1530.2;44;9394057877;S
20240116;101350;1530;13;9394057878;S
20240116;101351;1531;1;9394057930;S
20240116;101351;1530.8;14;9394057931;S
20240116;101351;1531;1;9394058051;S
20240116;101351;1530.8;86;9394058052;S
20240116;101351;1530.8;15;9394058053;S
20240116;101351;1530.4;1;9394058054;S
20240116;101351;1530.4;1;9394058055;S
20240116;101351;1530;76;9394058056;S
20240116;101352;1531.2;10;9394058269;B
20240116;101353;1530.8;1;9394058471;S
20240116;101353;1530.8;99;9394058472;S
20240116;101355;1530.8;1;9394058689;S
20240116;101355;1530.8;3;9394058690;S
20240116;101355;1530.6;15;9394058691;S
20240116;101355;1530.6;3;9394058692;S
20240116;101355;1530.4;78;9394058693;S
20240116;101355;1530.4;22;9394058798;S
20240116;101355;1530.4;3;9394058799;S
20240116;101355;1530.4;25;9394058800;S
20240116;101356;1531.4;1;9394058981;B
20240116;101356;1531.6;1;9394058982;B
20240116;101356;1531.6;15;9394058983;B
20240116;101356;1531.8;3;9394058984;B
20240116;101356;1531.8;8;9394058985;B
20240116;101356;1531.8;21;9394058986;B
20240116;101356;1530.4;60;9394058989;S
20240116;101356;1531.8;7;9394059111;B
20240116;101357;1532;65;9394059337;B
20240116;101357;1532;227;9394059338;B
20240116;101357;1532.2;8;9394059339;B
20240116;101357;1532;2;9394059375;B
20240116;101357;1532.2;28;9394059376;B
20240116;101358;1530.8;65;9394059575;B
20240116;101358;1531;435;9394059576;B
20240116;101359;1531;100;9394059921;B
20240116;101400;1531;10;9394060021;B
20240116;101400;1531;1;9394060030;B
20240116;101400;1531;204;9394060042;B
20240116;101401;1531.4;10;9394060328;B
20240116;101401;1531.2;10;9394060359;S
20240116;101401;1531.2;100;9394060375;S
20240116;101404;1531.2;6;9394060907;S
20240116;101405;1531.2;1;9394061056;S
20240116;101405;1531.2;83;9394061085;S
20240116;101405;1531.2;15;9394061086;S
20240116;101405;1531;65;9394061087;S
20240116;101405;1530.8;12;9394061088;S
20240116;101405;1530.8;100;9394061089;S
20240116;101405;1530.6;1;9394061090;S
20240116;101405;1530.6;1;9394061091;S
20240116;101405;1530.4;3;9394061092;S
20240116;101405;1530.4;1;9394061093;S
20240116;101405;1530.4;100;9394061094;S
20240116;101405;1530.4;200;9394061095;S
20240116;101405;1530.4;20;9394061096;S
20240116;101405;1530.4;8;9394061097;S
20240116;101405;1530.2;90;9394061098;S
20240116;101405;1530.2;20;9394061099;S
20240116;101405;1530.2;3;9394061100;S
20240116;101405;1530.2;1;9394061101;S
20240116;101405;1530;20;9394061102;S
20240116;101405;1530;5;9394061103;S
20240116;101405;1530;100;9394061104;S
20240116;101405;1530;2;9394061105;S
20240116;101405;1530;50;9394061106;S
20240116;101405;1530;100;9394061107;S
20240116;101405;1530;10;9394061108;S
20240116;101405;1530;10;9394061109;S
20240116;101405;1530;20;9394061110;S
20240116;101405;1530;1;9394061111;S
20240116;101405;1530;1;9394061112;S
20240116;101405;1530;1;9394061113;S
20240116;101405;1530;1;9394061114;S
20240116;101405;1530;10;9394061115;S
20240116;101405;1530;1;9394061116;S
20240116;101405;1530;1260;9394061117;S
20240116;101405;1530;1;9394061118;S
20240116;101405;1530;5;9394061119;S
20240116;101405;1530;5;9394061120;S
20240116;101405;1530;25;9394061121;S
20240116;101405;1530;1;9394061122;S
20240116;101405;1530;2;9394061123;S
20240116;101405;1530;2;9394061124;S
20240116;101405;1530;5;9394061125;S
20240116;101405;1530;100;9394061126;S
20240116;101405;1530;10;9394061127;S
20240116;101405;1530;5;9394061128;S
20240116;101405;1530;1;9394061129;S
20240116;101405;1530;1;9394061130;S
20240116;101405;1530;1;9394061131;S
20240116;101405;1530;5;9394061132;S
20240116;101405;1530;1;9394061133;S
20240116;101405;1530;10;9394061134;S
20240116;101405;1530;9;9394061135;S
20240116;101405;1530;1;9394061136;S
20240116;101405;1530;1;9394061137;S
20240116;101405;1530;3;9394061138;S
20240116;101405;1530;1;9394061139;S
20240116;101405;1530;2;9394061140;S
20240116;101405;1530;1;9394061141;S
20240116;101405;1530;5;9394061142;S
20240116;101405;1530;1;9394061143;S
20240116;101405;1530;1;9394061144;S
20240116;101405;1530;2;9394061145;S
20240116;101405;1530;2;9394061146;S
20240116;101405;1530;1;9394061147;S
20240116;101405;1530;1;9394061148;S
20240116;101405;1530;10;9394061149;S
20240116;101405;1530;50;9394061150;S
20240116;101405;1530;1;9394061151;S
20240116;101405;1530;1;9394061152;S
20240116;101405;1530;500;9394061153;S
20240116;101405;1530;30;9394061154;S
20240116;101405;1530;1;9394061155;S
20240116;101405;1530;1;9394061156;S
20240116;101405;1530;10;9394061157;S
20240116;101405;1530;1;9394061158;S
20240116;101405;1530;17;9394061159;S
20240116;101405;1530;2;9394061160;S
20240116;101405;1530;5;9394061161;S
20240116;101405;1530;1;9394061162;S
20240116;101405;1530;30;9394061163;S
20240116;101405;1530;250;9394061164;S
20240116;101405;1530;1;9394061165;S
20240116;101405;1530;1;9394061166;S
20240116;101405;1530;1;9394061167;S
20240116;101405;1530;3;9394061168;S
20240116;101405;1530;12;9394061169;S
20240116;101405;1530;261;9394061170;S
20240116;101405;1529.8;1;9394061171;S
20240116;101405;1529.8;1;9394061172;S
20240116;101405;1529.8;10;9394061173;S
20240116;101405;1529.8;30;9394061174;B
20240116;101405;1529.6;1;9394061263;S
20240116;101405;1529.6;5;9394061264;S
20240116;101405;1529.6;20;9394061290;S
20240116;101405;1529.4;5;9394061291;S
20240116;101405;1529.2;3;9394061292;S
20240116;101405;1529.2;7;9394061293;S
20240116;101405;1529.2;1;9394061294;S
20240116;101405;1529.2;1;9394061295;S
20240116;101405;1529.2;5;9394061296;S
20240116;101405;1529;5;9394061297;S
20240116;101405;1529;353;9394061298;S
20240116;101406;1529.6;1;9394061317;B
20240116;101406;1529.2;8;9394061350;S
20240116;101406;1529.6;10;9394061377;B
20240116;101406;1529.6;9;9394061386;B
20240116;101406;1529.6;1;9394061387;B
20240116;101406;1529.2;8;9394061433;S
20240116;101406;1529.2;2;9394061438;S
20240116;101406;1529.6;7;9394061439;B
20240116;101406;1529.6;2;9394061440;B
20240116;101406;1529.2;47;9394061444;S
20240116;101406;1529.2;53;9394061469;B
20240116;101406;1529.4;4;9394061470;B
20240116;101406;1529.6;83;9394061471;B
20240116;101406;1529.8;100;9394061474;B
20240116;101406;1529.8;620;9394061486;B
20240116;101406;1529.8;2523;9394061487;B
20240116;101406;1531;60;9394061488;B
20240116;101406;1531.4;59;9394061492;B
20240116;101406;1531.4;3;9394061493;B
20240116;101406;1532.2;2;9394061494;B
20240116;101406;1532.2;3;9394061495;B
20240116;101407;1532.4;22;9394061507;B
20240116;101407;1532.4;65;9394061508;B
20240116;101407;1532.4;2;9394061569;S
20240116;101407;1532.4;10;9394061581;S
20240116;101407;1532.6;2;9394061591;B
20240116;101407;1532.6;2;9394061633;B
20240116;101407;1532.6;2;9394061634;B
20240116;101407;1532.6;3;9394061635;B
20240116;101407;1532.6;261;9394061636;B
20240116;101407;1532.6;15;9394061637;B
20240116;101408;1532.8;100;9394061685;B
20240116;101408;1532.8;253;9394061686;B
20240116;101408;1532.6;217;9394061720;S
20240116;101408;1532.4;68;9394061721;S
20240116;101408;1532.8;50;9394061742;B
20240116;101409;1532.8;1;9394061953;B
20240116;101410;1532.6;2;9394062110;B
20240116;101412;1532.6;1;9394062599;B
20240116;101413;1532.4;500;9394062661;S
20240116;101413;1532.2;5;9394062664;S
20240116;101413;1532.2;1;9394062665;S
20240116;101414;1532.4;10;9394063028;S
20240116;101414;1531.6;39;9394063029;S
20240116;101415;1532;1;9394063120;B
20240116;101415;1532.4;8;9394063121;B
20240116;101415;1532.6;1;9394063122;B
20240116;101415;1532;65;9394063163;S
20240116;101415;1531.8;137;9394063164;S
20240116;101415;1531.6;17;9394063165;S
20240116;101415;1531.4;234;9394063166;S
20240116;101415;1531.2;261;9394063167;S
20240116;101415;1531.2;100;9394063168;S
20240116;101415;1531;2;9394063169;S
20240116;101415;1530.6;30;9394063170;S
20240116;101415;1530.4;51;9394063171;S
20240116;101415;1530.2;60;9394063172;S
20240116;101415;1530.2;2;9394063173;S
20240116;101415;1530.2;5;9394063174;S
20240116;101415;1530.2;117;9394063175;S
20240116;101415;1530;50;9394063176;S
20240116;101415;1530;10;9394063177;S
20240116;101415;1530;40;9394063178;S
20240116;101415;1530;100;9394063179;S
20240116;101415;1530;15;9394063180;B
20240116;101415;1530;1595;9394063181;B
20240116;101415;1530;522;9394063182;B
20240116;101415;1530;1;9394063206;B
20240116;101415;1530;2;9394063215;B
20240116;101415;1530;9;9394063223;B
20240116;101415;1529.8;1;9394063233;S
20240116;101416;1530;1;9394063260;B
20240116;101416;1530;43;9394063263;B
20240116;101416;1530;2;9394063264;B
20240116;101416;1530;36;9394063321;B
20240116;101416;1530;19;9394063322;B
20240116;101416;1530;2;9394063323;B
20240116;101416;1530;2;9394063324;B
20240116;101416;1529.8;1;9394063349;S
20240116;101416;1530;4;9394063350;B
20240116;101416;1529.8;3;9394063384;S
20240116;101416;1530;9;9394063385;B
20240116;101416;1530;9;9394063386;B
20240116;101416;1529.8;3;9394063400;S
20240116;101417;1530;3;9394063427;B
20240116;101417;1530;7;9394063487;B
20240116;101417;1530;3;9394063493;B
20240116;101417;1530;30;9394063494;B
20240116;101417;1530;3;9394063511;B
20240116;101417;1530;11;9394063574;B
20240116;101417;1530;6;9394063577;B
20240116;101418;1530;13;9394063605;B
20240116;101418;1530;6;9394063606;B
20240116;101418;1530;31;9394063717;B
20240116;101418;1530;4;9394063721;B
20240116;101418;1530;1;9394063743;B
20240116;101418;1530;5;9394063744;B
20240116;101418;1530;13;9394063780;B
20240116;101419;1530;12;9394063812;B
20240116;101419;1530;36;9394063854;B
20240116;101419;1530;138;9394063855;B
20240116;101419;1530;36;9394063856;B
20240116;101419;1530;500;9394063888;B
20240116;101419;1530;5;9394063889;B
20240116;101419;1530;8;9394063890;B
20240116;101419;1530;21;9394063935;B
20240116;101419;1530;100;9394063960;B
20240116;101419;1530;8;9394063961;B
20240116;101419;1530;2;9394063970;B
20240116;101419;1530;12;9394063971;B
20240116;101420;1530;50;9394063999;B
20240116;101420;1530;8;9394064000;B
20240116;101420;1530;1;9394064001;B
20240116;101420;1530;100;9394064012;B
20240116;101420;1530;2;9394064013;B
20240116;101420;1530;5;9394064050;B
20240116;101420;1530;87;9394064051;B
20240116;101420;1530;7;9394064052;B
20240116;101420;1530;1;9394064057;B
20240116;101420;1530;200;9394064062;B
20240116;101420;1530;10;9394064102;B
20240116;101420;1530;16;9394064103;B
20240116;101420;1530;500;9394064131;B
20240116;101420;1530;8;9394064132;B
