<DATE>;<TIME>;<LAST>;<VOL>;<ID>;<OPER>
20240212;095954;1590.6;1;9586036790;S
20240212;095954;1590.6;3;9586036791;S
20240212;095954;1590.6;20;9586036792;S
20240212;095954;1590.6;6;9586036793;S
20240212;095954;1590.6;4;9586036794;B
20240212;095954;1590.6;1;9586036795;B
20240212;095954;1590.6;65;9586036796;B
20240212;095954;1590.6;2;9586036797;B
20240212;095954;1590.6;8;9586036798;S
20240212;095954;1590.6;1;9586036799;S
20240212;095954;1590.6;1;9586036800;S
20240212;095954;1590.6;2;9586036801;S
20240212;095954;1590.6;1;9586036802;S
20240212;095954;1590.6;3;9586036803;S
20240212;095954;1590.6;1;9586036804;S
20240212;095954;1590.6;1;9586036805;S
20240212;095954;1590.6;1;9586036806;S
20240212;095954;1590.6;1;9586036807;S
20240212;095954;1590.6;10;9586036808;B
20240212;095954;1590.6;1;9586036809;B
20240212;095954;1590.6;30;9586036810;S
20240212;095954;1590.6;4;9586036811;S
20240212;095954;1590.6;18;9586036812;S
20240212;095954;1590.6;1;9586036813;S
20240212;095954;1590.6;3;9586036814;S
20240212;095954;1590.6;3;9586036815;S
20240212;095954;1590.6;5;9586036816;S
20240212;095954;1590.6;1;9586036817;S
20240212;095954;1590.6;10;9586036818;B
20240212;095954;1590.6;15;9586036819;B
20240212;095954;1590.6;1;9586036820;B
20240212;095954;1590.6;2;9586036821;B
20240212;095954;1590.6;33;9586036822;B
20240212;095954;1590.6;1;9586036823;B
20240212;095954;1590.6;4;9586036824;B
20240212;095954;1590.6;1;9586036825;B
20240212;095954;1590.6;1;9586036826;B
20240212;095954;1590.6;1;9586036827;B
20240212;095954;1590.6;20;9586036828;B
20240212;095954;1590.6;1;9586036829;B
20240212;095954;1590.6;7;9586036830;B
20240212;095954;1590.6;7;9586036831;B
20240212;095954;1590.6;2;9586036832;B
20240212;095954;1590.6;10;9586036833;B
20240212;095954;1590.6;10;9586036834;B
20240212;095954;1590.6;63;9586036835;B
20240212;095954;1590.6;93;9586036836;S
20240212;095954;1590.6;3;9586036837;B
20240212;095954;1590.6;47;9586036838;B
20240212;095954;1590.6;3;9586036839;B
20240212;095954;1590.6;1;9586036840;B
20240212;095954;1590.6;3;9586036841;B
20240212;095954;1590.6;1;9586036842;B
20240212;095954;1590.6;1;9586036843;B
20240212;095954;1590.6;3;9586036844;B
20240212;095954;1590.6;1;9586036845;S
20240212;095954;1590.6;9;9586036846;B
20240212;095954;1590.6;1;9586036847;B
20240212;095954;1590.6;15;9586036848;S
20240212;095954;1590.6;1;9586036849;S
20240212;095954;1590.6;2;9586036850;B
20240212;095954;1590.6;2;9586036851;B
20240212;095954;1590.6;1;9586036852;B
20240212;095954;1590.6;1;9586036853;B
20240212;095954;1590.6;6;9586036854;B
20240212;095954;1590.6;1;9586036855;B
20240212;095954;1590.6;200;9586036856;B
20240212;095954;1590.6;2;9586036857;B
20240212;095954;1590.6;32;9586036858;B
20240212;095954;1590.6;1;9586036859;B
20240212;095954;1590.6;1;9586036860;B
20240212;095954;1590.6;1;9586036861;B
20240212;095954;1590.6;1;9586036862;B
20240212;095954;1590.6;1;9586036863;B
20240212;095954;1590.6;1;9586036864;B
20240212;095954;1590.6;2;9586036865;B
20240212;095954;1590.6;4;9586036866;B
20240212;095954;1590.6;4;9586036867;B
20240212;095954;1590.6;1;9586036868;B
20240212;095954;1590.6;4;9586036869;B
20240212;095954;1590.6;56;9586036870;B
20240212;095954;1590.6;2;9586036871;B
20240212;095954;1590.6;1;9586036872;B
20240212;095954;1590.6;29;9586036873;B
20240212;095954;1590.6;64;9586036874;B
20240212;095954;1590.6;4;9586036875;B
20240212;095954;1590.6;21;9586036876;B
20240212;095954;1590.6;42;9586036877;B
20240212;095954;1590.6;4;9586036878;B
20240212;095954;1590.6;1;9586036879;S
20240212;095954;1590.6;1;9586036880;B
20240212;095954;1590.6;29;9586036881;B
20240212;095954;1590.6;471;9586036882;B
20240212;095954;1590.6;1;9586036883;B
20240212;095954;1590.6;4;9586036884;B
20240212;095954;1590.6;1;9586036885;B
20240212;095954;1590.6;3;9586036886;B
20240212;095954;1590.6;1;9586036887;B
20240212;095954;1590.6;19;9586036888;B
20240212;095954;1590.6;81;9586036889;B
20240212;095954;1590.6;2;9586036890;B
20240212;095954;1590.6;1;9586036891;B
20240212;095954;1590.6;2;9586036892;B
20240212;095954;1590.6;100;9586036893;B
20240212;095954;1590.6;1;9586036894;B
20240212;095954;1590.6;1;9586036895;B
20240212;095954;1590.6;1;9586036896;B
20240212;095954;1590.6;1;9586036897;B
20240212;095954;1590.6;1;9586036898;B
20240212;095954;1590.6;1;9586036899;B
20240212;095954;1590.6;1;9586036900;B
20240212;095954;1590.6;1;9586036901;B
20240212;095954;1590.6;206;9586036902;B
20240212;095954;1590.6;111;9586036903;B
20240212;095954;1590.6;1;9586036904;B
20240212;095954;1590.6;182;9586036905;B
20240212;095954;1590.6;1;9586036906;B
20240212;095954;1590.6;15;9586036907;B
20240212;095954;1590.6;1;9586036908;B
20240212;095954;1590.6;301;9586036909;B
20240212;095954;1590.6;7;9586036910;B
20240212;095954;1590.6;3;9586036911;B
20240212;095954;1590.6;2;9586036912;B
20240212;095954;1590.6;1;9586036913;B
20240212;095954;1590.6;94;9586036914;B
20240212;095954;1590.6;31;9586036915;B
20240212;095954;1590.6;1;9586036916;B
20240212;095954;1590.6;1;9586036917;B
20240212;095954;1590.6;100;9586036918;B
20240212;095954;1590.6;1;9586036919;B
20240212;095954;1590.6;1;9586036920;B
20240212;095954;1590.6;4;9586036921;B
20240212;095954;1590.6;5;9586036922;B
20240212;095954;1590.6;1;9586036923;B
20240212;095954;1590.6;1;9586036924;B
20240212;095954;1590.6;1;9586036925;B
20240212;095954;1590.6;12;9586036926;B
20240212;095954;1590.6;1;9586036927;B
20240212;095954;1590.6;15;9586036928;B
20240212;095954;1590.6;5;9586036929;B
20240212;095954;1590.6;5;9586036930;B
20240212;095954;1590.6;1;9586036931;B
20240212;095954;1590.6;1;9586036932;B
20240212;095954;1590.6;5;9586036933;B
20240212;095954;1590.6;5;9586036934;B
20240212;095954;1590.6;1;9586036935;B
20240212;095954;1590.6;100;9586036936;B
20240212;095954;1590.6;1;9586036937;B
20240212;095954;1590.6;1;9586036938;B
20240212;095954;1590.6;2;9586036939;S
20240212;095954;1590.6;1;9586036940;B
20240212;095954;1590.6;1;9586036941;B
20240212;095954;1590.6;404;9586036942;B
20240212;095954;1590.6;1;9586036943;B
20240212;095954;1590.6;1;9586036944;B
20240212;095954;1590.6;1;9586036945;B
20240212;095954;1590.6;20;9586036946;B
20240212;095954;1590.6;2;9586036947;B
20240212;095954;1590.6;500;9586036948;B
20240212;095954;1590.6;100;9586036949;B
20240212;095954;1590.6;1;9586036950;B
20240212;095954;1590.6;1;9586036951;B
20240212;100000;1590.6;165;9586038749;S
20240212;100000;1590.4;100;9586038750;S
20240212;100000;1590.4;26;9586038751;S
20240212;100000;1590.4;50;9586038752;S
20240212;100000;1590.4;10;9586038753;S
20240212;100000;1590.4;49;9586038754;S
20240212;100000;1590.6;4;9586038820;B
20240212;100000;1590.6;4;9586038821;B
20240212;100000;1590.6;4;9586038822;B
20240212;100000;1590.6;88;9586038827;B
20240212;100000;1590.8;1;9586038828;B
20240212;100000;1590.8;1;9586038829;B
20240212;100000;1590.8;1;9586038830;B
20240212;100000;1590.8;1;9586038831;B
20240212;100000;1591;1;9586038832;B
20240212;100000;1591;1;9586038833;B
20240212;100000;1591;31;9586038834;B
20240212;100000;1591;319;9586038979;B
20240212;100000;1591;1;9586038980;B
20240212;100000;1591;1;9586038981;B
20240212;100000;1591;100;9586038982;B
20240212;100000;1591.2;2;9586038983;B
20240212;100000;1591.2;1;9586038984;B
20240212;100000;1591.2;1;9586038985;B
20240212;100000;1591.2;1;9586038986;B
20240212;100000;1591.2;1;9586038987;B
20240212;100000;1591.2;1;9586038988;B
20240212;100000;1591.2;1;9586038989;B
20240212;100000;1591.2;1;9586038990;B
20240212;100000;1591.2;1;9586038991;B
20240212;100000;1591.2;1;9586038992;B
20240212;100000;1591.4;1;9586038993;B
20240212;100000;1591.4;1;9586038994;B
20240212;100000;1591.6;6;9586038995;B
20240212;100000;1591.6;1;9586038996;B
20240212;100000;1591.6;33;9586038997;B
20240212;100000;1591.8;1;9586038998;B
20240212;100000;1591.8;1;9586038999;B
20240212;100000;1592;4;9586039010;B
20240212;100000;1592;20;9586039011;B
20240212;100000;1592;1;9586039012;B
20240212;100000;1592;5;9586039013;B
20240212;100000;1592;1;9586039027;B
20240212;100000;1592.2;3;9586039028;B
20240212;100000;1592.2;1;9586039029;B
20240212;100000;1592.2;1;9586039030;B
20240212;100000;1592.2;154;9586039031;B
20240212;100000;1592.2;8;9586039036;B
20240212;100000;1592.2;2;9586039049;B
20240212;100000;1591.8;5;9586039069;S
20240212;100000;1591.8;3;9586039071;S
20240212;100000;1592.2;60;9586039088;B
20240212;100000;1592;3;9586039093;S
20240212;100000;1592;5;9586039098;S
20240212;100000;1592;1;9586039102;S
20240212;100000;1592;21;9586039109;S
20240212;100000;1591.8;50;9586039110;S
20240212;100000;1592;16;9586039128;S
20240212;100000;1592.2;20;9586039129;B
20240212;100000;1592.2;7;9586039132;B
20240212;100000;1592.2;1;9586039141;B
20240212;100000;1592.2;2;9586039142;B
20240212;100000;1592.2;3;9586039143;B
20240212;100000;1592;1;9586039154;S
20240212;100000;1592.2;7;9586039168;B
20240212;100000;1592.2;2;9586039200;B
20240212;100000;1592;7;9586039209;S
20240212;100000;1592.2;77;9586039211;B
20240212;100000;1592.2;157;9586039212;B
20240212;100000;1592.4;1;9586039224;B
20240212;100000;1592.4;9;9586039225;B
20240212;100000;1592.4;1;9586039259;B
20240212;100000;1592.4;15;9586039333;B
20240212;100000;1592.4;100;9586039334;B
20240212;100000;1592.4;1;9586039335;B
20240212;100000;1592.6;1;9586039344;B
20240212;100000;1592.6;1;9586039345;B
20240212;100000;1591.8;1;9586039346;S
20240212;100000;1591.8;1;9586039463;S
20240212;100000;1592.6;1;9586039499;B
20240212;100000;1592.8;1;9586039500;B
20240212;100000;1592.8;5;9586039501;B
20240212;100000;1592.8;1;9586039502;B
20240212;100000;1593;1;9586039503;B
20240212;100000;1593.2;1;9586039504;B
20240212;100000;1593.2;1;9586039505;B
20240212;100000;1593.4;1;9586039508;B
20240212;100000;1593.4;9;9586039509;B
20240212;100000;1593.2;60;9586039520;B
20240212;100000;1592;10;9586039521;S
20240212;100000;1593.2;7;9586039522;B
20240212;100000;1593.2;15;9586039527;B
20240212;100000;1593.2;7;9586039534;B
20240212;100000;1593.2;25;9586039720;B
20240212;100000;1593.4;75;9586039721;B
20240212;100000;1593.6;1;9586039722;B
20240212;100000;1593.6;31;9586039723;B
20240212;100000;1593.8;1;9586039724;B
20240212;100000;1593.8;1;9586039725;B
20240212;100000;1593.8;1;9586039726;B
20240212;100000;1593.8;45;9586039727;B
20240212;100001;1593.8;3;9586039985;B
20240212;100001;1593.8;64;9586040020;B
20240212;100001;1593.8;3;9586040152;B
20240212;100001;1593.8;35;9586040155;B
20240212;100001;1593.8;10;9586040156;B
20240212;100001;1593.8;1;9586040157;B
20240212;100001;1593.8;102;9586040158;B
20240212;100001;1594;4;9586040159;B
20240212;100001;1594;1;9586040160;B
20240212;100001;1594;1;9586040161;B
20240212;100001;1594;10;9586040162;B
20240212;100001;1594.2;1;9586040163;B
20240212;100001;1594.4;1;9586040164;B
20240212;100001;1594.4;1;9586040165;B
20240212;100001;1594.4;33;9586040166;B
20240212;100001;1593.4;4;9586040218;S
20240212;100001;1594.4;81;9586040251;B
20240212;100001;1594.4;79;9586040252;B
20240212;100001;1594.4;8;9586040255;B
20240212;100001;1593.6;10;9586040327;S
20240212;100001;1593.6;9;9586040373;S
20240212;100001;1593.6;60;9586040426;S
20240212;100001;1593.6;31;9586040435;B
20240212;100001;1593.6;249;9586040436;B
20240212;100001;1594.6;1;9586040493;B
20240212;100001;1594.6;3;9586040494;B
20240212;100001;1593.6;5;9586040507;S
20240212;100001;1593.6;3;9586040527;S
20240212;100001;1593.4;2;9586040528;S
20240212;100001;1594.6;10;9586040529;B
20240212;100001;1593.4;5;9586040543;S
20240212;100001;1593.4;7;9586040587;S
20240212;100001;1593.4;1;9586040673;S
20240212;100001;1593.4;7;9586040688;S
20240212;100001;1593.4;1;9586040696;S
20240212;100001;1593.4;2;9586040753;S
20240212;100001;1594.6;3;9586040754;B
20240212;100002;1593.4;7;9586040859;S
20240212;100002;1594.6;9;9586040864;B
20240212;100002;1594.8;1;9586040865;B
20240212;100002;1594.8;69;9586040866;B
20240212;100002;1594.8;10;9586040917;B
20240212;100002;1594.8;65;9586041045;B
20240212;100002;1594.8;58;9586041165;B
20240212;100002;1593.8;50;9586041192;B
20240212;100002;1593.8;50;9586041218;B
20240212;100002;1593.6;1;9586041219;S
20240212;100002;1593.6;1;9586041221;S
20240212;100002;1593.6;1;9586041225;S
20240212;100002;1594.6;9;9586041226;B
20240212;100002;1593.6;5;9586041264;S
20240212;100002;1594.8;10;9586041333;B
20240212;100002;1593.4;60;9586041343;S
20240212;100002;1593.4;1;9586041349;S
20240212;100002;1593.4;140;9586041372;S
20240212;100002;1593.4;4;9586041416;S
20240212;100002;1593.4;1;9586041458;S
20240212;100002;1593.4;2;9586041477;S
20240212;100002;1593.4;60;9586041498;S
20240212;100002;1593.4;4;9586041512;S
20240212;100002;1594.6;10;9586041514;B
20240212;100002;1593.4;10;9586041531;S
20240212;100002;1594.6;5;9586041548;B
20240212;100002;1593.4;4;9586041567;S
20240212;100002;1594.6;20;9586041646;B
20240212;100002;1594.6;1;9586041669;B
20240212;100002;1594.6;50;9586041673;B
20240212;100002;1594;1;9586041790;B
20240212;100002;1594.6;19;9586041791;B
20240212;100002;1593.4;1;9586041798;S
20240212;100002;1594.6;10;9586041820;B
20240212;100002;1593.2;1;9586041830;S
20240212;100002;1593.2;20;9586041899;S
20240212;100002;1593.2;1;9586041901;S
20240212;100002;1594.6;1;9586041925;B
20240212;100002;1594.6;59;9586041927;B
20240212;100002;1594.6;6;9586041935;B
20240212;100002;1593.2;10;9586041940;S
20240212;100002;1594.6;1;9586041965;B
20240212;100002;1593;27;9586041993;S
20240212;100002;1592.8;202;9586041994;S
20240212;100002;1592.8;14;9586042000;B
20240212;100002;1592.8;1;9586042001;B
20240212;100002;1592.8;256;9586042002;B
20240212;100002;1594.6;30;9586042010;B
20240212;100002;1592.8;10;9586042046;S
20240212;100003;1594;15;9586042069;B
20240212;100003;1593.8;100;9586042120;B
20240212;100003;1592.8;1;9586042146;S
20240212;100003;1593.6;3;9586042216;B
20240212;100003;1592.8;5;9586042245;S
20240212;100003;1593.6;15;9586042281;B
20240212;100003;1593.8;98;9586042282;B
20240212;100003;1594;87;9586042283;B
20240212;100003;1594;13;9586042289;B
20240212;100003;1592.8;1;9586042419;S
20240212;100003;1594;66;9586042644;B
20240212;100003;1592.8;10;9586042733;S
20240212;100003;1594;5;9586042807;B
20240212;100004;1592.8;2;9586042985;S
20240212;100004;1592.8;1;9586042991;S
20240212;100004;1593.4;4;9586043079;B
20240212;100004;1593.2;1;9586043267;S
20240212;100005;1593.2;1;9586043487;S
20240212;100005;1593.8;2;9586043628;B
20240212;100005;1593.8;3;9586043630;B
20240212;100005;1593.8;1;9586043632;B
20240212;100005;1593.2;3;9586043636;S
20240212;100005;1593;2;9586043637;S
20240212;100005;1592.8;9;9586043763;S
20240212;100005;1593.8;4;9586043771;B
20240212;100005;1592.8;5;9586043776;S
20240212;100005;1592.8;1;9586043783;S
20240212;100005;1593.8;1;9586043792;B
20240212;100005;1593.8;1;9586043798;B
20240212;100005;1592.8;2;9586043801;S
20240212;100005;1593.8;12;9586043869;B
20240212;100005;1593.8;8;9586043870;B
20240212;100005;1594;178;9586043871;B
20240212;100005;1592.8;64;9586044012;S
20240212;100005;1592.8;186;9586044013;S
20240212;100005;1592.8;1;9586044263;S
20240212;100006;1593.2;1;9586044572;S
20240212;100006;1594;1;9586044986;B
20240212;100006;1594;1;9586045131;B
20240212;100006;1594;2;9586045144;B
20240212;100006;1593.8;1;9586045290;S
20240212;100006;1594;2;9586045411;B
20240212;100006;1594;1;9586045412;B
20240212;100006;1593.8;1;9586045418;S
20240212;100006;1594;1;9586045442;B
20240212;100006;1594;1;9586045455;B
20240212;100006;1593.8;1;9586045858;S
20240212;100006;1593.8;1;9586046031;S
20240212;100006;1594;1;9586046042;B
20240212;100006;1594;65;9586046067;B
20240212;100006;1594;2;9586046071;B
20240212;100006;1594;59;9586046276;B
20240212;100006;1594;1;9586046277;B
20240212;100006;1594.2;31;9586046337;B
20240212;100006;1594;3;9586046393;S
20240212;100006;1594.2;1;9586046400;B
20240212;100006;1594.2;2;9586046414;B
20240212;100006;1594;1;9586046576;S
20240212;100006;1594;1;9586046636;S
20240212;100007;1594.2;2;9586046761;B
20240212;100007;1594.2;35;9586046843;B
20240212;100007;1594.4;41;9586046844;B
20240212;100007;1594.6;100;9586046845;B
20240212;100007;1594.8;88;9586046846;B
20240212;100007;1594.8;1;9586046847;B
20240212;100007;1594.8;120;9586046848;B
20240212;100007;1594.8;15;9586046849;B
20240212;100007;1594;1;9586046879;S
20240212;100007;1594;58;9586047163;S
20240212;100007;1594;190;9586047164;S
20240212;100007;1593.8;453;9586047165;S
20240212;100007;1593.8;5;9586047166;S
20240212;100007;1593.6;294;9586047167;S
20240212;100007;1594.8;1;9586047507;B
20240212;100007;1594.8;5;9586047954;B
20240212;100007;1594.8;44;9586048030;B
20240212;100007;1594.8;56;9586048031;B
20240212;100007;1594.8;3;9586048144;B
20240212;100007;1594.8;2;9586048145;B
20240212;100008;1594.8;1;9586048550;B
20240212;100008;1594.2;5;9586048576;S
20240212;100008;1593.8;20;9586048577;S
20240212;100008;1593.8;1;9586048767;S
20240212;100008;1593.8;1;9586048807;S
20240212;100008;1593.8;2;9586048897;S
20240212;100008;1593.8;1;9586048913;S
20240212;100008;1594.8;1;9586048920;B
20240212;100008;1594.8;1;9586049004;B
20240212;100008;1594;2;9586049013;S
20240212;100008;1594.8;1;9586049253;B
20240212;100008;1594.8;1;9586049415;B
20240212;100008;1594;1;9586049422;S
20240212;100008;1594;1;9586049573;S
20240212;100008;1594.8;1;9586049577;B
20240212;100008;1594.8;1;9586049591;B
20240212;100008;1594.8;2;9586049599;B
20240212;100008;1594.8;1;9586049773;B
20240212;100008;1594.8;2;9586049783;B
20240212;100008;1594.8;1;9586049793;B
20240212;100008;1594;1;9586049801;S
20240212;100008;1593.8;2;9586049802;S
20240212;100008;1594.8;2;9586049983;B
20240212;100008;1594.8;1;9586049992;B
20240212;100008;1593.8;37;9586050010;S
20240212;100008;1593.6;41;9586050011;S
20240212;100008;1594.8;1;9586050018;B
20240212;100008;1593.6;1;9586050027;S
20240212;100008;1594.8;3;9586050034;B
20240212;100008;1594.6;1;9586050294;B
20240212;100008;1593.6;1;9586050549;S
20240212;100008;1594.6;1;9586050553;B
20240212;100008;1594.6;1;9586050557;B
20240212;100008;1594.6;1;9586050561;B
20240212;100008;1593.6;14;9586050567;S
20240212;100008;1593.6;2;9586050666;S
20240212;100009;1594;1;9586050797;B
20240212;100009;1594.8;1;9586051619;B
20240212;100009;1594.8;42;9586051628;B
20240212;100009;1594.8;1;9586051646;B
20240212;100009;1594.8;1;9586051656;B
20240212;100009;1594.8;20;9586051663;B
20240212;100009;1594.8;4;9586051671;B
20240212;100009;1594;2;9586051680;S
20240212;100009;1593.6;1;9586051681;S
20240212;100009;1594.4;190;9586052131;B
20240212;100009;1594.6;110;9586052132;B
20240212;100009;1594.6;25;9586052215;B
20240212;100009;1594.6;7;9586052321;B
20240212;100009;1594.6;1;9586052322;B
20240212;100009;1593.6;3;9586052324;S
20240212;100009;1593.6;10;9586052329;S
20240212;100009;1594.6;1;9586052330;B
20240212;100009;1594.6;1;9586052331;B
20240212;100009;1594.6;1;9586052335;B
20240212;100009;1594.6;2;9586052339;B
20240212;100009;1594.6;1;9586052340;B
20240212;100009;1594.6;11;9586052503;B
20240212;100009;1594.6;37;9586052504;B
20240212;100009;1594.6;1;9586052510;B
20240212;100009;1594.6;1;9586052516;B
20240212;100009;1593.6;1;9586052528;S
20240212;100009;1594.6;1;9586052537;B
20240212;100009;1594.6;1;9586052547;B
20240212;100009;1594.6;100;9586052597;B
20240212;100010;1593.6;27;9586053173;S
20240212;100010;1594.6;35;9586053196;B
20240212;100010;1594.6;2;9586053220;B
20240212;100010;1594.6;1;9586053397;B
20240212;100010;1593.6;1;9586053398;S
20240212;100010;1593.6;1;9586053400;S
20240212;100010;1593.6;2;9586053709;S
20240212;100010;1594.6;1;9586053739;B
20240212;100010;1594.6;3;9586053743;B
20240212;100010;1594.8;2;9586053744;B
20240212;100010;1594.8;1;9586053749;B
20240212;100010;1594.8;17;9586053782;B
20240212;100010;1594.8;3;9586053792;B
20240212;100010;1594.8;1;9586053938;B
20240212;100010;1594.8;20;9586054019;B
20240212;100010;1593.6;1;9586054022;S
20240212;100010;1594.6;3;9586054084;B
20240212;100010;1594.8;19;9586054085;B
20240212;100010;1594.8;150;9586054094;B
20240212;100010;1593.4;4;9586054148;S
20240212;100010;1594.8;3;9586054286;B
20240212;100010;1593.4;1;9586054288;S
20240212;100010;1593.2;4;9586054289;S
20240212;100010;1593;6;9586054290;S
20240212;100010;1593;4;9586054291;S
20240212;100010;1593;95;9586054292;S
20240212;100010;1593;3;9586054294;S
20240212;100010;1593;1;9586054296;S
20240212;100010;1593;19;9586054481;S
20240212;100011;1594.6;2;9586054599;B
20240212;100011;1593;5;9586054635;S
20240212;100011;1593;3;9586054683;S
20240212;100011;1594.6;3;9586054788;B
20240212;100011;1593;32;9586054878;S
20240212;100011;1594.6;1;9586054895;B
20240212;100011;1594.6;4;9586055006;B
20240212;100011;1593.2;1;9586055199;S
20240212;100011;1594.6;1;9586055201;B
20240212;100011;1593.2;1;9586055202;S
20240212;100011;1593.2;188;9586055281;S
20240212;100011;1593.2;64;9586055282;S
20240212;100011;1593.2;48;9586055283;S
20240212;100011;1594.6;13;9586055517;B
20240212;100011;1594.6;40;9586055555;B
20240212;100011;1594.6;27;9586055608;B
20240212;100011;1593;4;9586055613;S
20240212;100011;1594.6;1;9586055702;B
20240212;100011;1594.6;1;9586055783;B
20240212;100012;1594.6;50;9586055904;B
20240212;100012;1594.6;5;9586055926;B
20240212;100012;1593.2;2;9586056035;S
20240212;100013;1594.2;1;9586056343;S
20240212;100013;1594.2;2;9586056354;S
20240212;100013;1594.6;1;9586056408;B
20240212;100013;1594.6;5;9586056412;B
20240212;100013;1594.6;12;9586056438;B
20240212;100013;1594.8;134;9586056439;B
20240212;100013;1594.8;4;9586056440;B
20240212;100013;1595;1;9586056441;B
20240212;100013;1595;1;9586056442;B
20240212;100013;1595;200;9586056443;B
20240212;100013;1595;10;9586056444;B
20240212;100013;1595;250;9586056445;B
20240212;100013;1595;1;9586056446;B
20240212;100013;1595;20;9586056447;B
20240212;100013;1595;2;9586056448;B
20240212;100013;1595;1;9586056449;B
20240212;100013;1595;1;9586056450;B
20240212;100013;1595;2;9586056451;B
20240212;100013;1595;10;9586056452;B
20240212;100013;1595;1;9586056453;B
20240212;100013;1594.2;3;9586056454;S
20240212;100014;1594.2;1;9586056619;S
20240212;100014;1594.8;5;9586056639;B
20240212;100014;1594.8;7;9586056652;B
20240212;100014;1595;9;9586056653;B
20240212;100014;1595;1;9586056654;B
20240212;100014;1594.8;1;9586056667;B
20240212;100014;1594.8;1;9586056753;B
20240212;100014;1594.8;2;9586056769;B
20240212;100014;1595;42;9586056770;B
20240212;100014;1595;38;9586056771;B
20240212;100014;1595;30;9586056772;B
20240212;100014;1595;5;9586056784;B
20240212;100014;1595;49;9586056785;B
20240212;100014;1595;22;9586056789;B
20240212;100015;1595;1;9586056849;B
20240212;100015;1595;1;9586056966;B
20240212;100015;1595;16;9586056995;B
20240212;100015;1595;1;9586057040;B
20240212;100015;1595;1;9586057047;B
20240212;100016;1594.8;9;9586057213;B
20240212;100017;1594.8;45;9586057541;B
20240212;100017;1595;24;9586057542;B
20240212;100017;1595;10;9586057543;B
20240212;100017;1595;30;9586057544;B
20240212;100017;1595;10;9586057545;B
20240212;100017;1595;181;9586057546;B
20240212;100017;1595;19;9586057565;B
20240212;100017;1595;22;9586057588;B
20240212;100018;1595;100;9586057759;B
20240212;100018;1595;4;9586057782;B
20240212;100020;1595;74;9586058401;B
20240212;100020;1595;1;9586058402;B
20240212;100020;1595;4;9586058403;B
20240212;100020;1595;29;9586058404;B
20240212;100020;1595;75;9586058405;B
20240212;100020;1595;5;9586058406;B
20240212;100020;1595.2;1;9586058407;B
20240212;100020;1595.4;1;9586058408;B
20240212;100020;1595.4;1;9586058409;B
20240212;100020;1595.6;1;9586058410;B
20240212;100020;1595.6;8;9586058411;B
20240212;100020;1594.4;64;9586058418;S
20240212;100020;1594.4;36;9586058419;S
20240212;100021;1594.4;1;9586058624;S
20240212;100021;1594.2;1;9586058625;S
20240212;100021;1594.2;5;9586058631;S
20240212;100021;1595.4;1;9586058661;B
20240212;100022;1594.2;1;9586058799;S
20240212;100022;1594.2;50;9586058861;S
20240212;100023;1594.2;1;9586058965;S
20240212;100023;1595.4;2;9586059024;B
20240212;100023;1595.4;34;9586059036;B
20240212;100024;1594.2;18;9586059318;S
20240212;100025;1595.2;5;9586059557;B
20240212;100025;1595.4;45;9586059558;B
20240212;100026;1595.4;1;9586059606;B
20240212;100026;1595.2;1;9586059756;B
20240212;100026;1595.2;1;9586059849;B
20240212;100026;1595.2;1;9586059886;B
20240212;100027;1595.6;2;9586060117;B
20240212;100027;1595.6;1;9586060118;B
20240212;100027;1594.6;2;9586060144;S
20240212;100027;1595.6;1;9586060167;B
20240212;100028;1595.6;3;9586060232;B
20240212;100028;1595.2;1;9586060376;B
20240212;100028;1595.4;1;9586060377;B
20240212;100028;1595.6;5;9586060378;B
20240212;100028;1595.6;3;9586060379;B
20240212;100028;1595.6;27;9586060391;B
20240212;100028;1595.6;23;9586060392;B
20240212;100028;1595;1;9586060412;S
20240212;100029;1595.6;35;9586060439;B
20240212;100029;1595;9;9586060465;S
20240212;100029;1594.6;40;9586060466;S
20240212;100029;1594.2;17;9586060467;S
20240212;100029;1594.2;40;9586060468;S
20240212;100029;1593.8;2;9586060469;S
20240212;100029;1595.4;10;9586060570;B
20240212;100029;1593.8;8;9586060591;S
20240212;100031;1594.4;1;9586061286;S
20240212;100032;1594.4;50;9586061636;S
20240212;100033;1594.6;1;9586061702;B
20240212;100033;1594.6;12;9586061878;B
20240212;100033;1595;200;9586061879;B
20240212;100033;1595;1;9586061880;B
20240212;100033;1595.2;180;9586061881;B
20240212;100033;1595.4;40;9586061882;B
20240212;100033;1595.6;42;9586061883;B
20240212;100033;1595.6;175;9586061884;B
20240212;100036;1594.6;50;9586062311;B
20240212;100036;1595.4;1;9586062403;B
20240212;100036;1595.6;4;9586062505;B
20240212;100037;1595.6;77;9586062536;B
20240212;100037;1595.6;1;9586062573;B
20240212;100038;1595;1;9586062689;S
20240212;100038;1594.6;39;9586062690;S
20240212;100038;1595.6;18;9586062731;B
20240212;100038;1595.6;2;9586062732;B
20240212;100038;1594.6;3;9586062852;S
20240212;100039;1595.6;50;9586062911;B
20240212;100039;1595.6;96;9586063002;B
20240212;100039;1595.6;4;9586063003;B
20240212;100039;1595.6;10;9586063009;B
20240212;100040;1595;2;9586063200;B
20240212;100040;1595.6;58;9586063201;B
20240212;100040;1594.6;50;9586063290;S
20240212;100040;1595.4;30;9586063491;B
20240212;100040;1595.6;70;9586063492;B
20240212;100041;1595.6;2;9586063587;B
20240212;100042;1595;5;9586063765;S
20240212;100043;1594.8;1;9586063997;S
20240212;100044;1594.8;4;9586064062;S
20240212;100044;1594.6;6;9586064063;S
20240212;100044;1594.6;58;9586064188;S
20240212;100044;1594.4;99;9586064189;S
20240212;100044;1594.4;188;9586064190;S
20240212;100044;1594;22;9586064251;B
20240212;100045;1594;3;9586064387;B
20240212;100045;1593.8;10;9586064388;S
20240212;100045;1593.8;5;9586064389;S
20240212;100045;1594;91;9586064402;B
20240212;100045;1594.6;200;9586064403;S
20240212;100045;1595;95;9586064508;B
20240212;100045;1595.4;5;9586064509;B
20240212;100045;1595.6;14;9586064510;B
20240212;100045;1595.6;30;9586064511;B
20240212;100045;1595.6;133;9586064512;B
20240212;100046;1594.8;10;9586064591;S
20240212;100046;1594.6;1;9586064730;S
20240212;100046;1594.6;1;9586064742;S
20240212;100046;1594.6;10;9586064750;S
20240212;100047;1594.6;1;9586064798;S
20240212;100048;1594.6;93;9586065225;S
20240212;100048;1595.4;1;9586065298;B
20240212;100049;1594.8;1;9586065378;S
20240212;100049;1595.4;5;9586065407;B
20240212;100049;1594.6;1;9586065455;S
20240212;100049;1594.6;1;9586065530;S
20240212;100049;1594.6;1;9586065540;S
20240212;100049;1595.4;24;9586065556;B
20240212;100049;1595.6;47;9586065557;B
20240212;100049;1595.8;1;9586065558;B
20240212;100049;1595.8;1;9586065559;B
20240212;100049;1595.8;127;9586065560;B
20240212;100050;1594.6;2;9586065700;S
20240212;100050;1595.6;1;9586065701;B
20240212;100050;1595.6;6;9586065702;B
20240212;100050;1595.6;5;9586065718;B
20240212;100050;1595.8;26;9586065719;B
20240212;100050;1594.8;1;9586065803;S
20240212;100051;1595.2;1;9586065919;B
20240212;100051;1595.6;5;9586065946;B
20240212;100051;1595.6;2;9586065964;B
20240212;100051;1595.6;23;9586065991;B
20240212;100051;1595.8;17;9586065992;B
20240212;100052;1594.8;14;9586066166;S
20240212;100053;1594.8;5;9586066377;S
20240212;100054;1595.6;50;9586066429;B
20240212;100054;1595.6;3;9586066454;B
20240212;100056;1594.8;1;9586066790;S
20240212;100056;1594.8;1;9586066839;S
20240212;100056;1595;13;9586066840;B
20240212;100056;1595;188;9586066841;B
20240212;100056;1595.6;64;9586066842;B
20240212;100056;1595.8;229;9586066843;B
20240212;100056;1595.8;1;9586066844;B
20240212;100056;1595.8;6;9586066845;B
20240212;100056;1595.8;99;9586066846;B
20240212;100056;1595.6;1;9586066882;B
20240212;100056;1595.8;3;9586066964;B
20240212;100057;1595.8;185;9586067042;B
20240212;100057;1595.8;601;9586067043;B
20240212;100057;1596;3;9586067044;B
20240212;100057;1596;1;9586067045;B
20240212;100057;1596;35;9586067046;B
20240212;100057;1596;6;9586067047;B
20240212;100057;1596;1;9586067048;B
20240212;100057;1596;1;9586067049;B
20240212;100057;1596;20;9586067050;B
20240212;100057;1596;1;9586067051;B
20240212;100057;1596;10;9586067052;B
20240212;100057;1596;100;9586067053;B
20240212;100057;1596;6;9586067054;B
20240212;100057;1596;84;9586067055;B
20240212;100057;1596.2;1;9586067056;B
20240212;100057;1596.2;100;9586067057;B
20240212;100057;1596.4;1;9586067058;B
20240212;100057;1596.4;31;9586067059;B
20240212;100057;1596.6;1;9586067060;B
20240212;100057;1596.6;1;9586067061;B
20240212;100057;1596.6;1;9586067062;B
20240212;100057;1596.6;64;9586067063;B
20240212;100057;1596.8;1;9586067064;B
20240212;100057;1596.8;1;9586067065;B
20240212;100057;1596.8;10;9586067066;B
20240212;100057;1596.8;1;9586067067;B
20240212;100057;1596.8;100;9586067068;B
20240212;100057;1596.8;33;9586067069;B
20240212;100057;1596.6;100;9586067073;B
20240212;100057;1596.6;75;9586067074;B
20240212;100057;1596.2;6;9586067077;S
20240212;100057;1596.2;4;9586067124;S
20240212;100057;1594.8;3;9586067125;S
20240212;100057;1594.8;25;9586067127;S
20240212;100057;1594.8;75;9586067128;S
20240212;100057;1595;4;9586067167;S
20240212;100057;1594.8;3;9586067168;S
20240212;100057;1594.8;5;9586067194;S
20240212;100058;1596.2;1;9586067284;S
20240212;100058;1596;18;9586067286;B
20240212;100058;1596.4;6;9586067287;B
20240212;100058;1596.6;64;9586067288;B
20240212;100058;1596.6;83;9586067289;B
20240212;100058;1596.8;79;9586067290;B
20240212;100058;1594.8;5;9586067331;S
20240212;100058;1596.2;1;9586067368;B
20240212;100058;1594.8;33;9586067373;S
20240212;100058;1596.6;3;9586067389;B
20240212;100100;1596.6;61;9586067627;B
20240212;100100;1596.6;38;9586067628;B
20240212;100100;1596.6;1;9586067629;B
20240212;100100;1596.2;1;9586067651;B
20240212;100100;1596.6;1;9586067652;B
20240212;100100;1596.6;1;9586067653;B
20240212;100101;1595;20;9586067900;S
20240212;100101;1594.8;117;9586067901;S
20240212;100101;1595;10;9586067971;S
20240212;100102;1595;1;9586068109;S
20240212;100102;1596;1;9586068172;B
20240212;100102;1596.2;19;9586068173;B
20240212;100102;1596.2;1;9586068176;B
20240212;100102;1596.4;117;9586068177;B
20240212;100102;1596.4;1;9586068178;B
20240212;100102;1596.4;81;9586068179;B
20240212;100102;1595;17;9586068199;S
20240212;100103;1596.4;15;9586068274;B
20240212;100103;1595.6;10;9586068412;S
20240212;100103;1595;3;9586068413;S
20240212;100103;1595;3;9586068414;S
20240212;100103;1595;10;9586068415;S
20240212;100103;1595;10;9586068416;S
20240212;100103;1594.8;24;9586068417;S
20240212;100103;1596.6;64;9586068421;B
20240212;100103;1596.6;12;9586068422;B
20240212;100103;1596.6;24;9586068423;B
20240212;100103;1596.8;142;9586068424;B
20240212;100103;1596.8;1;9586068425;B
20240212;100103;1596.8;57;9586068426;B
20240212;100103;1594.8;20;9586068434;S
20240212;100103;1594.8;44;9586068435;S
20240212;100105;1596.2;3;9586068694;B
20240212;100105;1596.4;4;9586068695;B
20240212;100105;1595.2;3;9586068708;S
20240212;100105;1595.2;4;9586068713;S
20240212;100105;1595.2;1;9586068714;S
20240212;100106;1596.4;1;9586068913;B
20240212;100107;1595.2;12;9586068955;S
20240212;100107;1595.2;138;9586068956;S
20240212;100107;1596.4;1;9586069018;B
20240212;100107;1596.4;8;9586069019;B
20240212;100107;1596.6;1;9586069020;B
20240212;100107;1596.6;9;9586069042;B
20240212;100108;1595.8;6;9586069178;B
20240212;100108;1595.8;2;9586069252;B
20240212;100109;1595.8;3;9586069326;B
20240212;100109;1595.8;9;9586069367;B
20240212;100110;1596.4;12;9586069434;B
20240212;100110;1596.6;28;9586069435;B
20240212;100110;1596.6;3;9586069629;B
20240212;100112;1596.4;1;9586069868;S
20240212;100112;1596.2;9;9586069869;S
20240212;100113;1596.2;10;9586070151;S
20240212;100114;1596.2;72;9586070259;S
20240212;100115;1595.8;64;9586070381;B
20240212;100115;1595.8;116;9586070382;B
20240212;100115;1595.4;3;9586070391;S
20240212;100115;1595.4;5;9586070398;S
20240212;100116;1595.8;10;9586070595;B
20240212;100118;1595.8;10;9586070894;B
20240212;100122;1595.8;44;9586071355;B
20240212;100122;1595.8;156;9586071356;B
20240212;100123;1595.8;64;9586071477;B
20240212;100123;1596;66;9586071478;B
20240212;100124;1595.6;2;9586071634;B
20240212;100124;1595.6;10;9586071714;B
20240212;100125;1595.6;38;9586071830;B
20240212;100125;1595.6;81;9586071831;B
20240212;100125;1595.4;3;9586071952;S
20240212;100125;1595.4;7;9586071953;S
20240212;100127;1595.4;1;9586072492;S
20240212;100127;1595.4;10;9586072517;B
20240212;100127;1595.4;1;9586072534;B
20240212;100127;1595.2;174;9586072553;S
20240212;100128;1595.4;5;9586072706;B
20240212;100129;1595.4;3;9586072806;B
20240212;100129;1595.6;20;9586072807;B
20240212;100129;1595.6;1;9586072835;B
20240212;100130;1595.6;1;9586072996;B
20240212;100131;1595.4;1;9586073190;B
20240212;100131;1595.4;25;9586073196;B
20240212;100131;1595.6;21;9586073293;B
20240212;100131;1595.6;9;9586073294;B
20240212;100131;1595.6;1;9586073350;B
20240212;100133;1595.4;64;9586073662;B
20240212;100133;1595.6;134;9586073663;B
20240212;100133;1595.6;48;9586073664;B
20240212;100134;1596;1;9586073947;B
20240212;100134;1596;2;9586073951;B
20240212;100134;1595.6;4;9586073971;S
20240212;100134;1595.6;6;9586073972;S
20240212;100140;1595.6;1;9586075139;B
20240212;100140;1595.6;1;9586075319;S
20240212;100141;1595.6;3;9586075516;S
20240212;100141;1595.8;1;9586075519;B
20240212;100141;1596;1;9586075520;B
20240212;100142;1596;1;9586075559;B
20240212;100142;1596;1;9586075568;B
20240212;100142;1595.8;1;9586075688;S
20240212;100143;1596;10;9586075802;B
20240212;100143;1595.8;7;9586075889;S
20240212;100143;1595.8;3;9586075921;S
20240212;100144;1596;1;9586076079;B
20240212;100145;1596;10;9586076112;B
20240212;100146;1595.8;18;9586076294;S
20240212;100146;1596;1;9586076321;B
20240212;100148;1596;3;9586076621;B
20240212;100148;1595.8;10;9586076708;S
20240212;100148;1596;10;9586076783;B
20240212;100149;1596;13;9586076928;B
20240212;100150;1596;3;9586077307;B
20240212;100150;1595.8;50;9586077355;S
20240212;100151;1595.8;4;9586077438;S
20240212;100151;1595.8;1;9586077439;S
20240212;100151;1595.8;96;9586077521;S
20240212;100151;1595.8;1;9586077522;S
20240212;100151;1595.8;2;9586077523;S
20240212;100151;1595.6;195;9586077524;S
20240212;100151;1595.6;2;9586077525;S
20240212;100151;1595.6;4;9586077526;S
20240212;100152;1595.6;10;9586077550;S
20240212;100153;1595.6;19;9586077758;S
20240212;100153;1595.4;1;9586077759;S
20240212;100153;1595.8;2;9586077780;B
20240212;100153;1595.8;1;9586077819;B
20240212;100154;1595.8;1;9586077892;B
20240212;100154;1595.2;4;9586077895;S
20240212;100156;1595.6;10;9586078171;B
20240212;100157;1595.6;25;9586078347;B
20240212;100157;1595.2;75;9586078376;S
20240212;100157;1595.6;5;9586078526;B
20240212;100158;1595.6;3;9586078549;B
20240212;100158;1595.6;6;9586078590;B
20240212;100158;1595.2;50;9586078608;S
20240212;100159;1595.2;8;9586078849;S
20240212;100159;1595.2;1;9586078850;S
20240212;100159;1595.2;131;9586078851;S
20240212;100200;1595.2;2;9586078903;S
20240212;100200;1595.2;100;9586078947;S
20240212;100201;1595;100;9586079093;S
20240212;100202;1595;100;9586079310;S
20240212;100203;1595;100;9586079613;S
20240212;100205;1595;3;9586080119;S
20240212;100206;1595.2;1;9586080399;B
20240212;100207;1595.2;1;9586080509;B
20240212;100207;1595.2;14;9586080567;B
20240212;100207;1595;22;9586080579;S
20240212;100207;1595.2;5;9586080637;B
20240212;100208;1595.2;2;9586080750;B
20240212;100208;1595.2;60;9586080785;B
20240212;100210;1595;100;9586081035;S
20240212;100210;1595;30;9586081102;S
20240212;100211;1595.2;34;9586081176;B
20240212;100211;1595.2;1;9586081294;B
20240212;100212;1595;50;9586081376;S
20240212;100212;1595.2;100;9586081438;B
20240212;100212;1595.2;50;9586081455;B
20240212;100212;1595;10;9586081481;S
20240212;100213;1595;1;9586081559;S
20240212;100213;1595;6;9586081567;S
20240212;100213;1595.2;4;9586081598;B
20240212;100214;1595.2;5;9586081767;B
20240212;100214;1595.2;15;9586081782;B
20240212;100214;1595.2;5;9586081938;B
20240212;100214;1595.2;1;9586081980;B
20240212;100215;1595;378;9586082062;S
20240212;100215;1595;4;9586082063;S
20240212;100215;1595;3;9586082064;S
20240212;100215;1595;225;9586082065;S
20240212;100215;1595;2;9586082066;S
20240212;100215;1595;1;9586082067;S
20240212;100215;1595;1;9586082068;S
20240212;100215;1595;20;9586082069;S
20240212;100215;1595;9;9586082070;S
20240212;100215;1595;2;9586082071;S
20240212;100215;1595;3;9586082072;S
20240212;100215;1595;100;9586082073;S
20240212;100215;1595;5;9586082074;S
20240212;100215;1595;2;9586082075;S
20240212;100215;1595;75;9586082076;S
20240212;100216;1595;65;9586082364;S
20240212;100216;1595;35;9586082365;S
20240212;100217;1595;10;9586082566;S
20240212;100217;1595.2;2;9586082603;B
20240212;100218;1595;8;9586082820;S
20240212;100218;1595;3;9586082851;S
20240212;100218;1595;3;9586082877;S
20240212;100218;1595;10;9586082966;S
20240212;100218;1595;100;9586083072;S
20240212;100219;1595.2;2;9586083105;B
20240212;100219;1595;2;9586083157;S
20240212;100219;1595.2;11;9586083159;B
20240212;100219;1595.2;2;9586083160;B
20240212;100219;1595.2;3;9586083161;B
20240212;100219;1595.2;1;9586083162;B
20240212;100219;1595.2;10;9586083163;B
20240212;100219;1595.2;33;9586083164;B
20240212;100219;1595;3;9586083189;S
20240212;100219;1595;4;9586083236;S
20240212;100221;1595;2;9586083470;S
20240212;100221;1594.8;1;9586083471;S
20240212;100221;1594.8;8;9586083473;S
20240212;100221;1595.2;10;9586083515;B
20240212;100221;1594.8;41;9586083543;S
20240212;100221;1595.2;17;9586083621;B
20240212;100221;1595.2;15;9586083622;B
20240212;100221;1595.2;30;9586083623;B
20240212;100221;1595.4;190;9586083624;B
20240212;100221;1595.4;52;9586083625;B
20240212;100221;1595.4;60;9586083626;B
20240212;100221;1595.6;5;9586083627;B
20240212;100221;1595.6;3;9586083628;B
20240212;100221;1595.6;43;9586083629;B
20240212;100223;1594.8;50;9586083962;S
20240212;100223;1594.8;1;9586083963;S
20240212;100223;1594.8;1;9586083964;S
20240212;100223;1594.6;103;9586083965;S
20240212;100225;1594.6;95;9586084201;S
20240212;100225;1594.6;405;9586084202;S
20240212;100225;1594.6;3;9586084272;S
20240212;100226;1595;3;9586084394;B
20240212;100226;1594.6;20;9586084444;S
20240212;100226;1595;21;9586084501;B
20240212;100226;1595;60;9586084502;B
20240212;100226;1595;19;9586084503;B
20240212;100228;1595;2;9586084714;B
20240212;100228;1594.6;121;9586084715;S
20240212;100229;1595;32;9586084809;B
20240212;100229;1595;60;9586084810;B
20240212;100229;1595;47;9586084811;B
20240212;100229;1594.6;1;9586084914;S
20240212;100230;1594.6;3;9586085092;S
20240212;100230;1594.6;2;9586085104;S
20240212;100231;1594.6;1;9586085145;S
20240212;100232;1594.6;4;9586085338;S
20240212;100232;1594.6;1;9586085339;S
20240212;100232;1594.6;3;9586085340;S
20240212;100232;1594.6;32;9586085379;S
20240212;100232;1594.6;1;9586085385;B
20240212;100232;1594.6;1;9586085480;B
20240212;100232;1594.6;1;9586085498;B
20240212;100234;1594.4;3;9586085766;S
20240212;100234;1594.6;1;9586085787;B
20240212;100235;1594.6;1;9586085887;B
20240212;100236;1594.4;2;9586086195;S
20240212;100236;1594.4;148;9586086196;S
20240212;100237;1594.6;1;9586086370;B
20240212;100238;1594.4;50;9586086502;B
20240212;100239;1594.4;7;9586086614;B
20240212;100241;1594.6;1;9586086852;B
20240212;100242;1594.6;3;9586087008;B
20240212;100244;1594.4;150;9586087480;B
20240212;100244;1594;5;9586087615;S
20240212;100246;1594.4;1;9586087902;B
20240212;100246;1594.4;3;9586087961;B
20240212;100246;1594;2;9586088001;S
20240212;100247;1594.6;58;9586088060;B
20240212;100247;1594.6;15;9586088061;B
20240212;100247;1594.6;55;9586088062;B
20240212;100248;1594;12;9586088531;S
20240212;100248;1594;5;9586088532;S
20240212;100248;1594;1;9586088533;S
20240212;100248;1594;2;9586088534;S
20240212;100248;1594;1;9586088535;S
20240212;100248;1593.8;79;9586088536;S
20240212;100250;1594;3;9586089079;S
20240212;100250;1594;1;9586089138;S
20240212;100251;1594.2;1;9586089317;B
20240212;100251;1594.2;100;9586089372;B
20240212;100252;1594;1;9586089646;B
20240212;100253;1594;3;9586089754;B
20240212;100253;1593.4;95;9586089860;S
20240212;100255;1593.6;4;9586090344;B
20240212;100256;1593.4;5;9586090466;S
20240212;100256;1593.6;1;9586090483;B
20240212;100257;1593.4;2;9586090581;S
20240212;100257;1593.4;3;9586090710;S
20240212;100257;1593.6;1;9586090730;B
20240212;100257;1593.4;30;9586090750;S
20240212;100258;1593.4;8;9586090848;S
20240212;100258;1593.8;1;9586090872;B
20240212;100259;1593.8;5;9586090979;B
20240212;100259;1593.8;30;9586090984;B
20240212;100259;1593.8;5;9586090995;B
20240212;100300;1593.8;149;9586091156;B
20240212;100300;1593.8;60;9586091157;B
20240212;100300;1593.8;60;9586091158;B
20240212;100300;1594;146;9586091159;B
20240212;100302;1593.4;45;9586091434;S
20240212;100302;1593.2;27;9586091435;S
20240212;100302;1593.2;78;9586091436;S
20240212;100302;1593.4;1;9586091567;S
20240212;100302;1593.4;24;9586091568;S
20240212;100305;1593.8;190;9586092052;B
20240212;100305;1593.8;60;9586092053;B
20240212;100305;1593.8;60;9586092054;B
20240212;100305;1594;54;9586092055;B
20240212;100305;1594;2;9586092056;B
20240212;100305;1594;20;9586092057;B
20240212;100305;1594;10;9586092058;B
20240212;100305;1594;100;9586092059;B
20240212;100305;1593.8;5;9586092155;S
20240212;100305;1593.6;10;9586092256;S
20240212;100306;1594.4;30;9586092455;B
20240212;100307;1594;49;9586092617;B
20240212;100307;1593.8;9;9586092641;S
20240212;100307;1594;1;9586092678;B
20240212;100308;1594;1;9586092864;B
20240212;100308;1594;3;9586092941;B
20240212;100308;1594;1;9586092978;B
20240212;100308;1594;1;9586093003;B
20240212;100312;1594;1;9586093851;B
20240212;100312;1593.8;1;9586093903;S
20240212;100312;1593.8;1;9586093904;S
20240212;100313;1593.6;5;9586094029;S
20240212;100314;1593.8;1;9586094160;B
20240212;100314;1593.8;50;9586094280;B
20240212;100314;1593.4;2;9586094287;S
20240212;100315;1593.4;16;9586094338;S
20240212;100316;1593.4;34;9586094560;S
20240212;100316;1593.2;85;9586094561;S
20240212;100316;1593;1;9586094562;S
20240212;100316;1593;13;9586094563;S
20240212;100316;1593;1;9586094564;S
20240212;100316;1593;2;9586094565;S
20240212;100316;1593;1;9586094566;S
20240212;100316;1593;9;9586094567;S
20240212;100316;1593;30;9586094654;S
20240212;100316;1593.8;10;9586094658;B
20240212;100316;1593;20;9586094774;S
20240212;100318;1593.8;45;9586095035;B
20240212;100318;1593.6;1;9586095070;B
20240212;100321;1593;3;9586095615;S
20240212;100321;1593.6;2;9586095649;B
20240212;100322;1593.6;17;9586095682;B
20240212;100322;1593;3;9586095718;S
20240212;100322;1593.6;1;9586095826;B
20240212;100323;1593;12;9586095909;S
20240212;100324;1593.6;60;9586096056;B
20240212;100324;1593.6;60;9586096057;B
20240212;100324;1593.8;11;9586096058;B
20240212;100324;1593.8;34;9586096059;B
20240212;100324;1594;35;9586096060;B
20240212;100325;1593.4;40;9586096222;S
20240212;100328;1594;20;9586096791;B
20240212;100333;1593.8;16;9586097539;B
20240212;100333;1593.8;23;9586097540;B
20240212;100333;1593.8;190;9586097541;B
20240212;100333;1594;138;9586097542;B
20240212;100333;1594;1;9586097543;B
20240212;100333;1594;3;9586097544;B
20240212;100333;1594;27;9586097545;B
20240212;100333;1594;3;9586097546;B
20240212;100333;1594;5;9586097547;B
20240212;100333;1594;9;9586097548;B
20240212;100333;1594;34;9586097549;B
20240212;100333;1593.6;30;9586097583;S
20240212;100334;1594;9;9586097680;B
20240212;100334;1594;3;9586097805;B
20240212;100335;1594;2;9586097986;B
20240212;100336;1593.6;1;9586098087;S
20240212;100336;1593.6;10;9586098088;S
20240212;100338;1594;6;9586098446;B
20240212;100338;1594;5;9586098499;B
20240212;100340;1594;1;9586098894;B
20240212;100342;1594;5;9586099053;B
20240212;100345;1594;1;9586099549;B
20240212;100345;1594;6;9586099664;B
20240212;100346;1594;1;9586099760;B
20240212;100346;1594;5;9586099808;B
20240212;100347;1594;1;9586099891;B
20240212;100351;1594;3;9586101095;B
20240212;100351;1593.6;190;9586101206;S
20240212;100351;1593.4;96;9586101207;S
20240212;100351;1593.4;215;9586101208;S
20240212;100351;1593.4;34;9586101209;S
20240212;100352;1593.4;125;9586101344;B
20240212;100352;1593.6;38;9586101345;B
20240212;100352;1593.8;190;9586101346;B
20240212;100352;1594;147;9586101347;B
20240212;100352;1593.8;50;9586101348;B
20240212;100355;1594;2;9586101810;B
20240212;100355;1593.6;1;9586101856;S
20240212;100357;1593.6;1;9586102262;S
20240212;100400;1593.8;10;9586102649;B
20240212;100401;1593.8;1;9586102798;B
20240212;100402;1594;18;9586103046;B
20240212;100403;1593.6;1;9586103189;S
20240212;100404;1593.6;25;9586103251;S
20240212;100404;1593.8;2;9586103261;B
20240212;100404;1593.8;5;9586103327;B
20240212;100405;1593.6;11;9586103457;S
20240212;100405;1593.6;5;9586103474;S
20240212;100405;1593.6;1;9586103801;S
20240212;100406;1593.8;2;9586103913;B
20240212;100406;1593.8;1;9586103929;B
20240212;100408;1593.8;333;9586104208;B
20240212;100408;1593.8;30;9586104273;B
20240212;100409;1593.8;49;9586104432;B
20240212;100410;1593.6;18;9586104574;S
20240212;100410;1593.8;6;9586104604;B
20240212;100411;1593.8;1;9586104699;B
20240212;100412;1593.6;19;9586105015;S
20240212;100413;1593.6;2;9586105116;S
20240212;100413;1593.6;1;9586105170;S
20240212;100414;1593.6;31;9586105236;S
20240212;100414;1593.4;1;9586105237;S
20240212;100414;1593.4;10;9586105238;S
20240212;100414;1593.4;96;9586105239;S
20240212;100414;1593.4;12;9586105240;S
20240212;100414;1593.6;1;9586105316;B
20240212;100415;1593.6;15;9586105602;B
20240212;100416;1593.6;10;9586105790;B
20240212;100417;1593.2;1;9586105931;S
20240212;100418;1593.6;33;9586106098;B
20240212;100418;1593.6;30;9586106099;B
20240212;100419;1593.6;5;9586106358;B
20240212;100420;1593.6;1;9586106445;B
20240212;100422;1593.8;11;9586106750;B
20240212;100422;1593.8;30;9586106778;B
20240212;100423;1593.2;2;9586106872;S
20240212;100423;1593.6;2;9586106940;B
20240212;100423;1593.8;998;9586106941;B
20240212;100424;1593.8;500;9586107123;B
20240212;100425;1593.8;32;9586107253;B
20240212;100425;1593.8;58;9586107254;B
20240212;100425;1593.8;1;9586107291;B
20240212;100425;1593.8;1;9586107356;B
20240212;100426;1593.8;3;9586107386;B
20240212;100426;1593.8;16;9586107387;B
20240212;100426;1593.8;1;9586107388;B
20240212;100426;1594;1;9586107410;B
20240212;100426;1594;84;9586107411;B
20240212;100426;1594;3;9586107412;B
20240212;100426;1594;2;9586107413;B
20240212;100426;1594;1;9586107510;B
20240212;100426;1594;1;9586107511;B
20240212;100426;1594;6;9586107512;B
20240212;100426;1594;1;9586107513;B
20240212;100427;1593.8;1;9586107572;S
20240212;100427;1594;3;9586107599;B
20240212;100427;1594;1;9586107613;B
20240212;100427;1594;5;9586107614;B
20240212;100427;1594;2;9586107615;B
20240212;100427;1594;22;9586107622;B
20240212;100428;1594;1;9586107716;B
20240212;100428;1594;3;9586107717;B
20240212;100428;1594;1;9586107750;B
20240212;100430;1594;5;9586108131;B
20240212;100432;1594;5;9586108509;B
20240212;100432;1594;10;9586108510;B
20240212;100432;1594;11;9586108511;B
20240212;100432;1594;50;9586108512;B
20240212;100432;1594;1;9586108513;B
20240212;100432;1594;22;9586108514;B
20240212;100432;1594;1;9586108515;B
20240212;100432;1594;40;9586108516;B
20240212;100432;1594;20;9586108517;B
20240212;100432;1594;10;9586108518;B
20240212;100432;1594;1;9586108519;B
20240212;100432;1594;2;9586108520;B
20240212;100432;1594;9;9586108521;B
20240212;100432;1593.8;1;9586108562;S
20240212;100432;1594;4;9586108655;B
20240212;100433;1594;1;9586108930;B
20240212;100434;1594;5;9586108973;B
20240212;100435;1593.8;2;9586109106;S
20240212;100437;1594;15;9586109525;B
20240212;100439;1594;10;9586109853;B
20240212;100441;1594;12;9586110111;B
20240212;100441;1594;5;9586110112;B
20240212;100441;1594;1;9586110123;B
20240212;100441;1594;3;9586110202;B
20240212;100441;1594;1;9586110204;B
20240212;100441;1594;1;9586110205;B
20240212;100441;1594;1;9586110206;B
20240212;100441;1594.2;3;9586110207;B
20240212;100441;1594.2;1;9586110208;B
20240212;100441;1594.2;30;9586110209;B
20240212;100444;1594.2;5;9586110583;B
20240212;100444;1594.2;30;9586110631;B
20240212;100445;1594.2;1;9586110693;B
20240212;100446;1594.2;1;9586110812;B
20240212;100446;1594;5;9586110861;S
20240212;100446;1594;48;9586110915;S
20240212;100446;1594.2;1;9586110947;B
20240212;100447;1594.2;5;9586111068;B
20240212;100448;1594.2;23;9586111214;B
20240212;100448;1594.2;11;9586111215;B
20240212;100448;1594.4;5;9586111216;B
20240212;100448;1594.4;1;9586111217;B
20240212;100448;1594.4;23;9586111218;B
20240212;100448;1594;20;9586111229;S
20240212;100449;1594.4;2;9586111374;B
20240212;100450;1594;1;9586111431;S
20240212;100451;1594.4;1;9586111583;B
20240212;100452;1594;1;9586111803;S
20240212;100454;1594.2;2;9586112174;S
20240212;100455;1594;115;9586112329;S
20240212;100455;1594;3;9586112330;S
20240212;100455;1594;2;9586112331;S
20240212;100455;1594;1;9586112332;S
20240212;100455;1594;1;9586112333;S
20240212;100455;1594;78;9586112334;S
20240212;100455;1594.4;1;9586112449;B
20240212;100457;1594.4;2;9586112625;B
20240212;100457;1594.4;1;9586112646;B
20240212;100457;1594.6;1;9586112647;B
20240212;100458;1594;1;9586112877;S
20240212;100459;1594.6;1;9586113087;B
20240212;100502;1594.4;15;9586113667;S
20240212;100502;1594;1;9586113671;S
20240212;100502;1594;30;9586113684;S
20240212;100502;1594;70;9586113685;S
20240212;100502;1594.4;7;9586113767;B
20240212;100504;1594.4;1;9586113992;B
20240212;100507;1594.4;17;9586114555;B
20240212;100507;1594.4;11;9586114556;B
20240212;100507;1594.6;50;9586114557;B
20240212;100507;1594.6;3;9586114558;B
20240212;100507;1594.8;19;9586114559;B
20240212;100507;1594;2;9586114591;S
20240212;100508;1594.6;5;9586114693;B
20240212;100508;1594.8;281;9586114694;B
20240212;100508;1594.8;1;9586114695;B
20240212;100508;1594.8;1;9586114696;B
20240212;100508;1594.8;12;9586114697;B
20240212;100509;1594.2;30;9586114903;S
20240212;100517;1594.4;50;9586116032;S
20240212;100519;1594.4;1;9586116362;S
20240212;100520;1594.8;17;9586116492;B
20240212;100520;1594.2;2;9586116493;S
20240212;100521;1594.2;2;9586116681;S
20240212;100522;1594.8;18;9586116817;B
20240212;100522;1594.8;1;9586116818;B
20240212;100522;1595;1;9586116840;B
20240212;100523;1595;3;9586116916;B
20240212;100523;1595;1;9586116920;B
20240212;100523;1595;2;9586116921;B
20240212;100523;1595;7;9586116964;B
20240212;100523;1594.8;12;9586116995;S
20240212;100523;1594.4;36;9586116996;S
20240212;100523;1594.2;2;9586116997;S
20240212;100523;1594.2;1;9586117005;S
20240212;100524;1594.8;100;9586117151;B
20240212;100525;1594.8;1;9586117271;B
20240212;100527;1594.4;1;9586117704;S
20240212;100530;1594.4;1;9586118469;S
20240212;100531;1594.6;10;9586118712;S
20240212;100531;1594.8;40;9586118730;B
20240212;100534;1594.4;39;9586119007;S
20240212;100534;1594.4;60;9586119008;S
20240212;100534;1594.4;46;9586119009;S
20240212;100534;1594.4;1;9586119010;S
20240212;100534;1594.2;57;9586119011;S
20240212;100534;1594.2;13;9586119012;S
20240212;100534;1594.2;1;9586119013;S
20240212;100534;1594.2;60;9586119014;S
20240212;100534;1594.2;10;9586119015;S
20240212;100534;1594;118;9586119016;S
20240212;100534;1594;2;9586119017;S
20240212;100534;1594;3;9586119018;S
20240212;100534;1594;18;9586119019;S
20240212;100534;1594;10;9586119020;S
20240212;100534;1594;90;9586119021;S
20240212;100534;1594;2;9586119022;S
20240212;100534;1594;3;9586119023;S
20240212;100534;1594;16;9586119024;S
20240212;100534;1594;11;9586119025;S
20240212;100534;1594.8;2;9586119098;B
20240212;100534;1594.8;43;9586119132;B
20240212;100534;1594.8;14;9586119142;B
20240212;100534;1594.8;2;9586119143;B
20240212;100534;1594.8;1;9586119144;B
20240212;100534;1594.8;3;9586119147;B
20240212;100536;1594.8;1;9586119496;B
20240212;100536;1594.8;5;9586119509;B
20240212;100537;1595;41;9586119586;B
20240212;100537;1595;1;9586119587;B
20240212;100537;1595;25;9586119588;B
20240212;100537;1595;1;9586119589;B
20240212;100538;1594.8;1;9586119761;S
20240212;100538;1595;13;9586119771;B
20240212;100538;1595;1;9586119772;B
20240212;100538;1595;1;9586119773;B
20240212;100538;1595;10;9586119774;B
20240212;100538;1595;200;9586119775;B
20240212;100538;1595;3;9586119776;B
20240212;100538;1595;10;9586119777;B
20240212;100538;1595;46;9586119778;B
20240212;100539;1595;1;9586119955;S
20240212;100540;1595;1;9586120139;S
20240212;100541;1595.2;1;9586120223;B
20240212;100541;1595.2;1;9586120224;B
20240212;100541;1595.2;55;9586120225;B
20240212;100541;1595.4;11;9586120226;B
20240212;100541;1595.4;1;9586120227;B
20240212;100541;1595.4;31;9586120228;B
20240212;100542;1595.2;1;9586120454;S
20240212;100543;1595.4;5;9586120535;S
20240212;100543;1595.2;25;9586120536;S
20240212;100543;1595.6;15;9586120540;B
20240212;100543;1595.6;2;9586120541;B
20240212;100543;1595.6;60;9586120542;B
20240212;100543;1595.6;46;9586120543;B
20240212;100543;1595.8;40;9586120544;B
20240212;100543;1595.8;10;9586120545;B
20240212;100543;1595.8;27;9586120546;B
20240212;100543;1595.8;2;9586120559;B
20240212;100543;1595.8;1;9586120598;B
20240212;100544;1595.8;29;9586120606;B
20240212;100545;1595.8;76;9586120942;B
20240212;100546;1595.8;105;9586120983;B
20240212;100546;1595.8;2;9586120984;B
20240212;100546;1595.8;1;9586120985;B
20240212;100546;1595.8;17;9586120986;B
20240212;100546;1595.8;75;9586120987;B
20240212;100546;1595;1;9586121081;S
20240212;100548;1595;2;9586121518;S
20240212;100551;1595.8;39;9586121821;B
20240212;100552;1595.8;61;9586121955;B
20240212;100552;1595.8;14;9586122015;B
20240212;100553;1595.8;5;9586122137;B
20240212;100553;1595;185;9586122161;S
20240212;100553;1595;64;9586122162;S
20240212;100553;1595;46;9586122163;S
20240212;100553;1595;5;9586122164;S
20240212;100553;1595.8;3;9586122230;B
20240212;100553;1595.8;31;9586122277;B
20240212;100553;1595.8;3;9586122278;B
20240212;100553;1596;1;9586122279;B
20240212;100553;1596;6;9586122280;B
20240212;100553;1596;15;9586122281;B
20240212;100553;1596;20;9586122295;B
20240212;100554;1595;1;9586122349;S
20240212;100555;1595;12;9586122537;S
20240212;100555;1595.8;7;9586122651;B
20240212;100555;1596;13;9586122652;B
20240212;100555;1596;1;9586122703;B
20240212;100556;1595.8;1;9586122765;B
20240212;100556;1596;1;9586122766;B
20240212;100556;1595.2;10;9586122785;S
20240212;100557;1596;30;9586123024;B
20240212;100557;1596;2;9586123065;B
20240212;100600;1595.8;2;9586123448;S
20240212;100601;1596;3;9586123531;B
20240212;100601;1595.8;19;9586123547;S
20240212;100601;1596;15;9586123580;B
20240212;100601;1595.8;5;9586123625;S
20240212;100602;1596;15;9586123717;B
20240212;100603;1595.8;1;9586123864;S
20240212;100603;1595.8;1;9586123869;S
20240212;100603;1595.8;1;9586123870;S
20240212;100603;1595.8;1;9586123875;S
20240212;100603;1595.8;1;9586123884;S
20240212;100603;1596;3;9586123916;B
20240212;100603;1595.8;1;9586124028;S
20240212;100604;1595.8;1;9586124072;S
20240212;100604;1595.8;1;9586124111;S
20240212;100604;1595.8;66;9586124114;S
20240212;100604;1595.8;34;9586124115;S
20240212;100604;1595.8;1;9586124116;S
20240212;100604;1595.8;1;9586124125;S
20240212;100604;1595.8;1;9586124130;S
20240212;100604;1595.8;1;9586124131;S
20240212;100604;1595.8;1;9586124134;S
20240212;100604;1595.8;1;9586124137;S
20240212;100604;1595.8;1;9586124144;S
20240212;100604;1595.8;1;9586124157;S
20240212;100604;1595.8;1;9586124160;S
20240212;100604;1596;1;9586124183;B
20240212;100604;1595.8;1;9586124209;S
20240212;100605;1595.8;1;9586124212;S
20240212;100605;1595.8;1;9586124218;S
20240212;100605;1595.8;1;9586124269;S
20240212;100605;1595.8;1;9586124282;S
20240212;100605;1595.8;1;9586124300;S
20240212;100605;1595.8;1;9586124305;S
20240212;100605;1596;4;9586124315;B
20240212;100605;1595.8;1;9586124327;S
20240212;100605;1596;140;9586124341;B
20240212;100605;1595.8;1;9586124346;S
20240212;100605;1595.8;1;9586124351;S
20240212;100605;1595.8;1;9586124368;S
20240212;100605;1596;1;9586124372;B
20240212;100605;1595.8;2;9586124374;S
20240212;100605;1595.8;144;9586124390;S
20240212;100605;1595.8;1;9586124391;S
20240212;100605;1595.4;190;9586124392;S
20240212;100605;1595.4;64;9586124393;S
20240212;100605;1595.4;127;9586124394;S
20240212;100605;1595.2;335;9586124395;S
20240212;100605;1595.2;60;9586124396;S
20240212;100605;1595.2;89;9586124397;S
20240212;100605;1595;27;9586124398;S
20240212;100605;1595;6;9586124399;S
20240212;100605;1595;100;9586124400;S
20240212;100605;1595;60;9586124401;S
20240212;100605;1594.8;109;9586124402;S
20240212;100605;1594.8;16;9586124403;S
20240212;100605;1594.8;40;9586124404;S
20240212;100605;1594.6;2;9586124405;S
20240212;100605;1594.6;228;9586124406;S
20240212;100605;1594.6;2;9586124407;S
20240212;100606;1595.6;5;9586124607;B
20240212;100606;1594.8;1;9586124652;S
20240212;100607;1595.6;10;9586124715;B
20240212;100608;1595.6;1;9586124821;B
20240212;100608;1595.6;5;9586124944;B
20240212;100609;1595.2;1;9586125077;S
20240212;100610;1595.6;43;9586125246;B
20240212;100610;1595.2;3;9586125251;S
20240212;100611;1595.2;164;9586125508;S
20240212;100613;1595.2;2;9586125920;S
20240212;100618;1595.4;25;9586126770;B
20240212;100618;1595.6;30;9586126898;B
20240212;100621;1595.2;10;9586127513;S
20240212;100621;1595.2;2;9586127529;S
20240212;100621;1595.6;1;9586127564;B
20240212;100622;1595.6;76;9586127697;B
20240212;100622;1595.6;3;9586127733;B
20240212;100623;1595.6;1;9586127803;B
20240212;100623;1595.6;4;9586127850;B
20240212;100625;1595.2;1;9586128228;S
20240212;100626;1595.4;5;9586128291;B
20240212;100626;1595.4;5;9586128292;B
20240212;100626;1595.6;30;9586128441;B
20240212;100626;1595.2;1;9586128447;S
20240212;100628;1595.6;33;9586128622;B
20240212;100628;1595.6;1;9586128623;B
20240212;100628;1595.6;46;9586128624;B
20240212;100628;1595.8;27;9586128625;B
20240212;100628;1595.8;20;9586128626;B
20240212;100628;1595.8;9;9586128627;B
20240212;100628;1595.8;148;9586128628;B
20240212;100628;1595.6;1;9586128678;S
20240212;100628;1596;3;9586128739;B
20240212;100629;1595.6;19;9586128889;S
20240212;100630;1595.8;1;9586129068;B
20240212;100632;1595.8;3;9586129409;B
20240212;100632;1595.8;3;9586129450;B
20240212;100632;1595.8;3;9586129474;B
20240212;100633;1595.8;1;9586129649;B
20240212;100633;1595.8;3;9586129719;B
20240212;100633;1595.6;10;9586129763;S
20240212;100635;1595.8;1;9586130020;B
20240212;100635;1595.6;150;9586130060;S
20240212;100636;1595.6;13;9586130125;S
20240212;100637;1595.8;31;9586130257;B
20240212;100637;1595.8;1;9586130293;B
20240212;100637;1595.6;10;9586130351;S
20240212;100637;1595.6;1;9586130401;S
20240212;100638;1595.6;1;9586130458;S
20240212;100638;1595.6;18;9586130584;S
20240212;100640;1595.8;60;9586130703;B
20240212;100640;1595.8;1;9586130704;B
20240212;100640;1595.8;139;9586130705;B
20240212;100640;1595.8;64;9586130729;B
20240212;100640;1595.8;66;9586130730;B
20240212;100640;1595.8;1;9586130756;B
20240212;100641;1595.8;17;9586130874;B
20240212;100641;1595.8;51;9586130998;B
20240212;100641;1596;233;9586130999;B
20240212;100641;1596;1;9586131000;B
20240212;100641;1596;6;9586131001;B
20240212;100641;1596;5;9586131002;B
20240212;100641;1596;1;9586131003;B
20240212;100641;1596;15;9586131004;B
20240212;100641;1596;1;9586131005;B
20240212;100641;1596;6;9586131006;B
20240212;100641;1596;1;9586131007;B
20240212;100641;1596;10;9586131008;B
20240212;100641;1596;4;9586131009;B
20240212;100641;1596;3;9586131010;B
20240212;100641;1596;1;9586131011;B
20240212;100641;1596;162;9586131012;B
20240212;100642;1595.8;3;9586131073;B
20240212;100642;1596;1;9586131074;B
20240212;100644;1595.8;100;9586131466;S
20240212;100644;1596;1;9586131513;B
20240212;100644;1596;1;9586131573;B
20240212;100644;1595.8;10;9586131576;S
20240212;100645;1596;5;9586131635;B
20240212;100645;1596;29;9586131636;B
20240212;100645;1595.8;5;9586131652;S
20240212;100646;1596;3;9586131780;B
20240212;100646;1596;16;9586131781;B
20240212;100646;1596;4;9586131782;B
20240212;100646;1596;1;9586131835;B
20240212;100646;1596;1;9586131836;B
20240212;100647;1596;1;9586131953;B
20240212;100647;1595.8;16;9586132039;S
20240212;100648;1596;8;9586132041;B
20240212;100648;1596;1;9586132042;B
20240212;100648;1596;5;9586132043;B
20240212;100648;1596;7;9586132044;B
20240212;100648;1596;10;9586132101;B
20240212;100649;1596;5;9586132240;B
20240212;100649;1596;4;9586132311;B
20240212;100649;1595.8;80;9586132316;S
20240212;100649;1595.8;56;9586132346;S
20240212;100650;1596;1;9586132433;B
20240212;100650;1596;3;9586132436;B
20240212;100654;1596;2;9586133066;B
20240212;100655;1596;68;9586133156;B
20240212;100655;1596;32;9586133157;B
20240212;100655;1596;1;9586133174;B
20240212;100656;1596;3;9586133375;B
20240212;100656;1596;241;9586133453;B
20240212;100656;1596;2;9586133454;B
20240212;100656;1596;57;9586133455;B
20240212;100657;1595.8;20;9586133641;S
20240212;100658;1595.8;13;9586133698;S
20240212;100658;1595.8;3;9586133699;S
20240212;100658;1595.8;13;9586133700;S
20240212;100658;1596;7;9586133794;B
20240212;100659;1596;1;9586133855;B
20240212;100659;1595.8;6;9586133857;S
20240212;100659;1595.8;8;9586133858;S
20240212;100659;1595.8;86;9586133859;S
20240212;100700;1596;1;9586134095;B
20240212;100701;1596;1;9586134144;B
20240212;100702;1595.8;2;9586134238;S
20240212;100702;1595.8;3;9586134245;S
20240212;100702;1596;50;9586134338;B
20240212;100703;1596;4;9586134417;B
20240212;100703;1596;50;9586134482;B
20240212;100704;1595.8;2;9586134567;S
20240212;100706;1596;29;9586135002;B
20240212;100706;1596;9;9586135003;B
20240212;100706;1596;47;9586135004;B
20240212;100706;1596;5;9586135005;B
20240212;100706;1596;10;9586135006;B
20240212;100706;1596;25;9586135047;S
20240212;100707;1596.2;1;9586135253;B
20240212;100708;1596.2;4;9586135269;B
20240212;100708;1596.2;20;9586135270;B
20240212;100708;1596.2;6;9586135271;B
20240212;100708;1596.2;6;9586135272;B
20240212;100708;1596.4;20;9586135399;B
20240212;100709;1596.4;3;9586135437;B
20240212;100709;1596.2;48;9586135564;B
20240212;100709;1596.2;14;9586135565;B
20240212;100709;1596.2;60;9586135566;B
20240212;100709;1596.4;68;9586135567;B
20240212;100710;1596.2;1;9586135664;B
20240212;100710;1596;1;9586135672;S
20240212;100711;1596;5;9586135802;S
20240212;100712;1596.2;12;9586135967;B
20240212;100713;1596;1;9586136064;S
20240212;100713;1596.2;1;9586136098;B
20240212;100714;1596.2;1;9586136291;B
20240212;100714;1596.2;2;9586136296;B
20240212;100714;1596;2;9586136302;S
20240212;100715;1596.2;1;9586136454;B
20240212;100717;1596;50;9586136635;S
20240212;100717;1596;10;9586136680;S
20240212;100717;1596;1;9586136724;S
20240212;100717;1596.2;1;9586136730;B
20240212;100719;1596;3;9586136929;S
20240212;100719;1596;2;9586136946;S
20240212;100719;1596;3;9586136947;S
20240212;100719;1596;1;9586136948;S
20240212;100719;1596;2;9586136949;S
20240212;100719;1596;2;9586136950;S
20240212;100719;1596;1;9586137035;S
20240212;100720;1596.2;7;9586137105;B
20240212;100720;1596.2;59;9586137183;B
20240212;100720;1596.2;54;9586137184;B
20240212;100720;1596.2;47;9586137185;B
20240212;100720;1596;5;9586137215;S
20240212;100721;1596.2;1;9586137266;B
20240212;100721;1596.2;48;9586137267;B
20240212;100721;1596.2;100;9586137268;B
20240212;100721;1596.4;9;9586137269;B
20240212;100721;1596.4;250;9586137270;B
20240212;100721;1596.4;92;9586137271;B
20240212;100721;1596;2;9586137273;S
20240212;100721;1596.4;95;9586137320;B
20240212;100721;1596.4;105;9586137321;B
20240212;100721;1596;100;9586137351;S
20240212;100722;1596.2;30;9586137465;B
20240212;100722;1596.2;19;9586137467;B
20240212;100722;1596.2;1;9586137516;B
20240212;100722;1596;5;9586137570;S
20240212;100722;1596;1;9586137571;S
20240212;100722;1595.8;97;9586137572;S
20240212;100722;1595.8;2;9586137573;S
20240212;100722;1595.8;1;9586137574;S
20240212;100722;1595.8;1;9586137575;S
20240212;100722;1595.8;6;9586137576;S
20240212;100722;1595.8;47;9586137577;S
20240212;100722;1595.6;157;9586137578;S
20240212;100722;1595.6;3;9586137579;S
20240212;100722;1595.6;81;9586137580;S
20240212;100722;1595.6;1;9586137581;S
20240212;100722;1595.4;100;9586137582;S
20240212;100722;1595.4;20;9586137583;S
20240212;100722;1595.2;46;9586137584;S
20240212;100722;1595.2;20;9586137585;S
20240212;100722;1595.2;10;9586137586;S
20240212;100722;1595.2;23;9586137587;S
20240212;100722;1595.2;4;9586137588;S
20240212;100722;1595.2;27;9586137589;S
20240212;100722;1595;9;9586137590;S
20240212;100722;1595;5;9586137591;S
20240212;100722;1595;1;9586137592;S
20240212;100722;1595;34;9586137593;S
20240212;100722;1595;200;9586137594;S
20240212;100722;1595;3;9586137595;S
20240212;100722;1595;1;9586137596;S
20240212;100722;1595;20;9586137597;S
20240212;100722;1595;9;9586137598;S
20240212;100722;1595;25;9586137599;S
20240212;100722;1594.6;2;9586137600;S
20240212;100722;1594.6;138;9586137601;S
20240212;100722;1594.6;20;9586137602;S
20240212;100722;1594.4;209;9586137603;S
20240212;100722;1594.4;1;9586137604;S
20240212;100722;1594.4;187;9586137605;S
20240212;100722;1594.2;10;9586137606;S
20240212;100722;1594.2;50;9586137607;S
20240212;100722;1594.2;1;9586137608;S
20240212;100722;1594.2;10;9586137609;S
20240212;100722;1594;1;9586137610;S
20240212;100722;1594;50;9586137611;S
20240212;100722;1594;362;9586137612;S
20240212;100723;1595.8;27;9586137732;B
20240212;100723;1595.8;33;9586137733;B
20240212;100723;1595.6;1;9586137787;B
20240212;100724;1595.4;10;9586137916;B
20240212;100724;1595.6;3;9586137917;B
20240212;100724;1595.6;47;9586137918;B
20240212;100724;1595.8;44;9586137919;B
20240212;100724;1596;56;9586137920;B
20240212;100724;1595.8;3;9586137961;B
20240212;100725;1596;50;9586138101;B
20240212;100725;1594.6;1;9586138115;S
20240212;100728;1596;1;9586138482;B
20240212;100729;1595.2;2;9586138543;S
20240212;100729;1596;12;9586138661;B
20240212;100730;1596;16;9586138791;B
20240212;100730;1596;4;9586138792;B
20240212;100730;1596;3;9586138797;B
20240212;100731;1595.2;1;9586138894;S
20240212;100731;1595;11;9586138895;S
20240212;100731;1595.8;1;9586138896;B
20240212;100731;1595;1;9586138898;S
20240212;100731;1595.8;1;9586138899;B
20240212;100731;1596;9;9586138950;B
20240212;100731;1596;1;9586138952;B
20240212;100732;1595.2;20;9586139069;S
20240212;100732;1595;15;9586139070;S
20240212;100732;1595;46;9586139071;S
20240212;100732;1594.8;39;9586139072;S
20240212;100732;1594.8;180;9586139073;S
20240212;100734;1595.2;5;9586139304;B
20240212;100734;1595.2;5;9586139374;B
20240212;100740;1595;1;9586140390;B
20240212;100740;1595;1;9586140391;B
20240212;100740;1595;1;9586140392;B
20240212;100740;1595;1;9586140393;B
20240212;100740;1595.2;3;9586140394;B
20240212;100741;1595.2;2;9586140433;B
20240212;100741;1595.2;1;9586140437;B
20240212;100741;1595.2;4;9586140493;B
20240212;100743;1595.2;16;9586140757;S
20240212;100743;1594.6;1;9586140812;S
20240212;100743;1594.6;2;9586140813;S
20240212;100743;1594.4;10;9586140814;S
20240212;100743;1594.4;44;9586140815;S
20240212;100743;1594.2;10;9586140816;S
20240212;100743;1594.2;12;9586140817;S
20240212;100744;1594.8;5;9586141020;B
20240212;100744;1594.8;3;9586141105;B
20240212;100745;1594.8;1;9586141231;B
20240212;100745;1594.8;4;9586141232;B
20240212;100745;1594.8;2;9586141255;B
20240212;100747;1594.2;100;9586141532;S
20240212;100748;1594.6;40;9586141694;B
20240212;100749;1594.4;1;9586141722;S
20240212;100751;1594.2;33;9586142075;S
20240212;100751;1594.2;1;9586142097;S
20240212;100754;1594.6;29;9586142463;B
20240212;100754;1594.6;14;9586142464;B
20240212;100754;1595;7;9586142465;B
20240212;100756;1594.4;15;9586142782;S
20240212;100757;1595;5;9586142858;B
20240212;100757;1595;50;9586142909;B
20240212;100759;1594.2;1;9586143141;S
20240212;100759;1594.4;1;9586143168;S
20240212;100800;1594.8;3;9586143371;B
20240212;100801;1594.4;1;9586143573;S
20240212;100801;1594.2;13;9586143574;S
20240212;100804;1594.2;10;9586144139;S
20240212;100806;1594.2;40;9586144413;S
20240212;100806;1594.2;1;9586144414;S
20240212;100806;1594.2;2;9586144415;S
20240212;100806;1594.2;1;9586144416;S
20240212;100806;1594.2;1;9586144417;S
20240212;100806;1594.2;1;9586144418;S
20240212;100806;1594.2;1;9586144419;S
20240212;100806;1594.2;1;9586144420;S
20240212;100806;1594.2;2;9586144421;S
20240212;100806;1594.2;1;9586144422;S
20240212;100806;1594.2;1;9586144423;S
20240212;100806;1594.2;1;9586144424;S
20240212;100806;1594;47;9586144425;S
20240212;100807;1594;18;9586144551;S
20240212;100809;1594;30;9586144985;S
20240212;100811;1594;1;9586145095;S
20240212;100812;1594.4;5;9586145211;B
20240212;100813;1594.4;1;9586145351;B
20240212;100814;1594.4;10;9586145607;B
20240212;100815;1594;34;9586145758;S
20240212;100815;1594.2;1;9586145805;B
20240212;100816;1594.2;50;9586145946;B
20240212;100816;1594.2;18;9586146044;B
20240212;100818;1594.2;4;9586146378;B
20240212;100818;1594.2;73;9586146457;B
20240212;100819;1594;1;9586146485;S
20240212;100819;1594;1;9586146661;S
20240212;100820;1594.2;30;9586146779;B
20240212;100820;1594.2;1;9586146806;B
20240212;100821;1594.2;1;9586146933;B
20240212;100822;1594;1;9586147021;S
20240212;100824;1594;5;9586147341;S
20240212;100824;1594.2;10;9586147358;B
20240212;100824;1594.2;2;9586147397;B
20240212;100824;1594;1;9586147401;S
20240212;100824;1594.2;1;9586147411;B
20240212;100825;1594.2;175;9586147500;B
20240212;100825;1594.2;43;9586147501;B
20240212;100825;1594.2;1;9586147613;B
20240212;100825;1594.2;1;9586147632;B
20240212;100826;1594;6;9586147659;S
20240212;100826;1594;140;9586147856;S
20240212;100827;1594.2;3;9586148017;B
20240212;100829;1594.2;20;9586148326;B
20240212;100832;1594;2;9586148665;S
20240212;100835;1594.2;1;9586149035;B
20240212;100835;1594;630;9586149051;S
20240212;100836;1594.2;5;9586149121;B
20240212;100836;1594.2;12;9586149143;B
20240212;100837;1594.2;1;9586149280;B
20240212;100838;1594.2;4;9586149454;B
20240212;100838;1594.2;6;9586149458;B
20240212;100839;1594.2;1;9586149544;B
20240212;100840;1594;219;9586149696;S
20240212;100840;1594.2;1;9586149741;B
20240212;100842;1594.2;5;9586150047;B
20240212;100842;1594.2;23;9586150066;B
20240212;100842;1594;1;9586150099;S
20240212;100843;1594.2;1;9586150120;B
20240212;100844;1594;70;9586150362;S
20240212;100846;1594.2;6;9586150590;B
20240212;100847;1594.2;20;9586150681;B
20240212;100847;1594.2;34;9586150721;B
20240212;100848;1594.2;1;9586150794;B
20240212;100848;1594;140;9586150795;S
20240212;100848;1594.2;1;9586150893;B
20240212;100849;1594.2;9;9586150982;B
20240212;100849;1594.2;1;9586151035;B
20240212;100849;1594.2;1;9586151059;B
20240212;100850;1594.2;10;9586151181;B
20240212;100852;1594;1;9586151446;S
20240212;100853;1594;108;9586151518;S
20240212;100853;1594.2;1;9586151571;B
20240212;100854;1594;700;9586151714;S
20240212;100854;1594;82;9586151715;S
20240212;100854;1594;5;9586151716;S
20240212;100854;1594;1;9586151717;S
20240212;100854;1594;44;9586151718;S
20240212;100854;1594;8;9586151719;S
20240212;100854;1594;4;9586151720;S
20240212;100854;1594;2;9586151721;S
20240212;100854;1594;2;9586151722;S
20240212;100854;1594;4;9586151723;S
20240212;100855;1594.2;2;9586151848;B
20240212;100857;1594.2;1;9586152200;B
20240212;100859;1594.2;1;9586152450;B
20240212;100900;1594;1;9586152705;S
20240212;100900;1594;10;9586152757;S
20240212;100900;1594;1;9586152758;S
20240212;100900;1594;4;9586152759;S
20240212;100900;1594;1;9586152760;S
20240212;100900;1594;4;9586152761;S
20240212;100901;1594.2;51;9586152796;B
20240212;100901;1594;12;9586152890;S
20240212;100901;1594;31;9586152891;S
20240212;100901;1594;5;9586152892;S
20240212;100901;1594;1;9586152893;S
20240212;100901;1594;1;9586152894;S
20240212;100901;1594;1;9586152895;S
20240212;100901;1594;6;9586152896;S
20240212;100901;1594;1;9586152897;S
20240212;100901;1594;1;9586152898;S
20240212;100901;1594;12;9586152899;S
20240212;100902;1594.2;86;9586152959;B
20240212;100902;1594.2;1;9586152990;B
20240212;100903;1594.2;5;9586153040;B
20240212;100903;1594;5;9586153101;S
20240212;100905;1594.2;1;9586153273;B
20240212;100905;1594.2;11;9586153289;B
20240212;100905;1594.2;3;9586153407;B
20240212;100907;1594.2;30;9586153628;B
20240212;100907;1594.2;1;9586153629;B
20240212;100907;1594.2;54;9586153630;B
20240212;100907;1594.2;13;9586153631;B
20240212;100907;1594.2;15;9586153682;B
20240212;100907;1594;12;9586153696;S
20240212;100907;1594.2;2;9586153738;B
20240212;100908;1594;1;9586153824;S
20240212;100908;1594.2;20;9586153827;B
20240212;100909;1594.2;1;9586153923;B
20240212;100909;1594;19;9586153979;S
20240212;100909;1594.2;139;9586153992;B
20240212;100909;1594.2;59;9586153993;B
20240212;100909;1594.2;54;9586153994;B
20240212;100910;1594.4;1;9586154045;B
20240212;100910;1594.4;2;9586154059;B
20240212;100910;1594.4;1;9586154076;B
20240212;100911;1594.4;1;9586154278;B
20240212;100911;1594.2;7;9586154286;S
20240212;100914;1594.2;41;9586154672;S
20240212;100914;1594.2;100;9586154673;S
20240212;100914;1594.2;1;9586154674;S
20240212;100914;1594.2;1;9586154675;S
20240212;100914;1594;51;9586154676;S
20240212;100914;1594;6;9586154677;S
20240212;100915;1594;9;9586154703;S
20240212;100915;1594;1;9586154704;S
20240212;100915;1594;2;9586154705;S
20240212;100915;1594;1;9586154706;S
20240212;100915;1593.8;101;9586154707;S
20240212;100915;1593.8;160;9586154719;S
20240212;100915;1593.8;1;9586154725;S
20240212;100915;1593.8;5;9586154726;S
20240212;100915;1594;25;9586154765;B
20240212;100916;1593.8;25;9586154892;S
20240212;100916;1594.2;50;9586154959;B
20240212;100917;1594;5;9586155050;S
20240212;100918;1594.2;22;9586155110;B
20240212;100918;1594.2;3;9586155113;B
20240212;100919;1594.2;1;9586155305;B
20240212;100919;1594.2;62;9586155315;B
20240212;100919;1594.2;1;9586155479;B
20240212;100921;1594.2;1;9586155745;B
20240212;100922;1594.2;8;9586155781;B
20240212;100922;1594.2;5;9586155785;B
20240212;100922;1594.2;1;9586155836;B
20240212;100922;1594;5;9586155869;S
20240212;100922;1593.8;17;9586155870;S
20240212;100924;1594.2;2;9586156081;B
20240212;100924;1594.2;3;9586156104;B
20240212;100925;1594.2;2;9586156211;B
20240212;100925;1594.2;50;9586156268;B
20240212;100928;1594.2;12;9586156727;B
20240212;100929;1594.2;1;9586156778;B
20240212;100929;1593.8;5;9586156838;S
20240212;100929;1594.2;1;9586156944;B
20240212;100930;1594.2;1;9586156988;B
20240212;100930;1594.2;1;9586157040;B
20240212;100931;1594;1;9586157102;S
20240212;100931;1593.8;199;9586157103;S
20240212;100931;1594.2;2;9586157217;B
20240212;100933;1593.8;5;9586157466;S
20240212;100935;1594;62;9586157635;B
20240212;100935;1593.8;1;9586157674;S
20240212;100935;1594;10;9586157730;B
20240212;100936;1594;4;9586157793;B
20240212;100937;1594;1;9586157983;B
20240212;100937;1593.8;1;9586157998;S
20240212;100938;1593.8;13;9586158133;S
20240212;100939;1593.8;2;9586158286;S
20240212;100940;1594;25;9586158460;B
20240212;100941;1593.8;2;9586158517;S
20240212;100941;1593.8;200;9586158580;S
20240212;100942;1594;9;9586158640;B
20240212;100943;1594;12;9586158877;B
20240212;100944;1594;6;9586159133;B
20240212;100945;1594;6;9586159156;B
20240212;100945;1594;20;9586159237;B
20240212;100945;1593.8;263;9586159240;S
20240212;100945;1593.8;50;9586159241;S
20240212;100945;1593.8;5;9586159242;S
20240212;100945;1593.8;100;9586159243;S
20240212;100945;1593.8;2;9586159244;S
20240212;100945;1593.8;1;9586159245;S
20240212;100945;1593.8;1;9586159246;S
20240212;100945;1593.6;1;9586159247;S
20240212;100945;1593.6;1;9586159248;S
20240212;100945;1593.6;20;9586159249;S
20240212;100945;1593.6;1;9586159250;S
20240212;100945;1593.6;1;9586159251;S
20240212;100945;1593.6;55;9586159252;S
20240212;100945;1593.4;20;9586159255;S
20240212;100946;1593.6;1;9586159262;B
20240212;100946;1593.6;2;9586159318;B
20240212;100947;1593.6;3;9586159411;B
20240212;100948;1593.6;1;9586159492;B
20240212;100948;1593.6;1;9586159517;B
20240212;100948;1593.6;5;9586159538;B
20240212;100949;1593.4;10;9586159649;S
20240212;100949;1593.4;1;9586159650;S
20240212;100949;1593.4;2;9586159651;S
20240212;100949;1593.2;56;9586159652;S
20240212;100949;1593;1;9586159653;S
20240212;100949;1593;1;9586159654;S
20240212;100949;1593;15;9586159655;S
20240212;100949;1593;22;9586159656;S
20240212;100949;1593;10;9586159657;S
20240212;100949;1593;2;9586159658;S
20240212;100949;1593;126;9586159659;S
20240212;100949;1593;50;9586159660;S
20240212;100949;1593;50;9586159661;S
20240212;100949;1593;54;9586159662;S
20240212;100949;1592.8;1;9586159666;S
20240212;100949;1592.8;1;9586159707;S
20240212;100949;1592.8;1;9586159708;S
20240212;100949;1592.8;1;9586159709;S
20240212;100949;1592.6;1;9586159710;S
20240212;100949;1592.6;1;9586159711;S
20240212;100949;1592.4;5;9586159712;S
20240212;100950;1592.4;2;9586159755;S
20240212;100950;1592.4;3;9586159798;S
20240212;100950;1592.4;15;9586159799;S
20240212;100951;1593;1;9586159888;B
20240212;100951;1593;9;9586159889;B
20240212;100953;1593;2;9586160120;B
20240212;100955;1593;3;9586160556;B
20240212;100955;1593;15;9586160574;B
20240212;100955;1593;15;9586160575;B
20240212;100957;1592.4;5;9586160836;S
20240212;100957;1593;4;9586160928;B
20240212;100958;1593;81;9586161018;B
20240212;100958;1593.2;6;9586161019;B
20240212;101001;1593.2;3;9586161534;B
20240212;101001;1592.4;10;9586161555;S
20240212;101002;1592.6;56;9586161800;S
20240212;101002;1592.6;18;9586161801;S
20240212;101002;1592.4;32;9586161802;S
20240212;101003;1593;22;9586162022;B
20240212;101003;1592.8;10;9586162027;S
20240212;101004;1593.4;1;9586162108;B
20240212;101005;1593.4;63;9586162317;B
20240212;101005;1593.4;1;9586162318;B
20240212;101006;1593.2;4;9586162336;S
20240212;101006;1593.4;10;9586162449;B
20240212;101007;1593.2;60;9586162535;S
20240212;101007;1593.2;30;9586162536;S
20240212;101009;1592.8;8;9586162961;S
20240212;101012;1593;1;9586163380;B
20240212;101013;1593;1;9586163602;B
20240212;101017;1593;1;9586163987;B
20240212;101018;1592.8;20;9586164094;S
20240212;101018;1593;50;9586164096;B
20240212;101020;1593;1;9586164388;B
20240212;101021;1593;3;9586164484;B
20240212;101021;1593;5;9586164517;B
20240212;101022;1593;1;9586164578;B
20240212;101023;1593;1;9586164785;B
20240212;101025;1593;1;9586165026;B
20240212;101026;1592.8;60;9586165160;S
20240212;101026;1592.8;1;9586165161;S
20240212;101026;1592.8;1;9586165162;S
20240212;101026;1592.8;14;9586165163;S
20240212;101026;1592.8;6;9586165164;S
20240212;101026;1592.8;51;9586165165;S
20240212;101026;1592.8;4;9586165166;S
20240212;101026;1592.8;11;9586165167;S
20240212;101026;1592.8;3;9586165168;S
20240212;101026;1592.8;55;9586165169;S
20240212;101026;1592.8;17;9586165170;S
20240212;101026;1592.6;376;9586165171;S
20240212;101026;1592.6;1;9586165172;S
20240212;101026;1592.6;60;9586165173;S
20240212;101026;1592.4;438;9586165174;S
20240212;101026;1592.4;12;9586165175;S
20240212;101026;1592.4;7;9586165176;S
20240212;101026;1592.4;18;9586165177;S
20240212;101026;1592.4;1;9586165178;S
20240212;101026;1592.4;14;9586165201;B
20240212;101027;1592.4;2;9586165236;B
20240212;101028;1592.4;8;9586165334;B
20240212;101029;1592.4;5;9586165492;B
20240212;101030;1592.4;2;9586165627;B
20240212;101030;1592.4;5;9586165637;B
20240212;101031;1592.2;5;9586165712;S
20240212;101031;1592.2;100;9586165801;S
20240212;101032;1592.4;2;9586165885;B
20240212;101033;1592.4;1;9586165987;B
20240212;101033;1592.2;5;9586165990;S
20240212;101034;1592.4;10;9586166135;B
20240212;101035;1592.2;3;9586166253;S
20240212;101037;1592.4;6;9586166551;B
20240212;101039;1592.4;545;9586166833;B
20240212;101039;1592.4;5;9586166849;B
20240212;101041;1592.4;1;9586167069;B
20240212;101041;1592.4;20;9586167150;B
20240212;101041;1592.2;1;9586167155;S
20240212;101041;1592.4;2;9586167207;B
20240212;101042;1592.2;20;9586167219;S
20240212;101042;1592.4;36;9586167279;B
20240212;101042;1592.4;14;9586167280;B
20240212;101042;1592.2;50;9586167319;S
20240212;101043;1592.4;4;9586167472;B
20240212;101044;1592.2;6;9586167495;S
20240212;101044;1592.4;9;9586167500;B
20240212;101044;1592.2;182;9586167599;S
20240212;101044;1592.2;73;9586167656;S
20240212;101045;1592.4;3;9586167704;B
20240212;101045;1592.4;10;9586167749;B
20240212;101046;1592.4;2;9586167797;B
20240212;101046;1592.2;55;9586167895;S
20240212;101047;1592.4;1;9586168020;B
20240212;101048;1592.2;33;9586168141;S
20240212;101048;1592.4;1;9586168145;B
20240212;101048;1592.2;5;9586168160;S
20240212;101049;1592.2;5;9586168375;S
20240212;101049;1592.4;1;9586168407;B
20240212;101052;1592.4;1;9586168706;B
20240212;101053;1592.4;1;9586168731;B
20240212;101053;1592.2;100;9586168735;S
20240212;101053;1592.2;27;9586168737;S
20240212;101053;1592.2;10;9586168788;S
20240212;101053;1592.2;8;9586168789;S
20240212;101053;1592.2;14;9586168790;S
20240212;101053;1592.2;1;9586168791;S
20240212;101053;1592.2;50;9586168792;S
20240212;101053;1592.2;10;9586168793;S
20240212;101053;1592.2;5;9586168794;S
20240212;101053;1592.2;1;9586168795;S
20240212;101053;1592.2;1;9586168796;S
20240212;101053;1592.2;27;9586168797;S
20240212;101053;1592;2;9586168798;S
20240212;101053;1592;5;9586168799;S
20240212;101053;1592;1;9586168800;S
20240212;101053;1592;1;9586168801;S
20240212;101053;1592;1;9586168802;S
20240212;101053;1592;3;9586168803;S
20240212;101053;1592;1;9586168804;S
20240212;101053;1592;2;9586168805;S
20240212;101053;1592;5;9586168806;S
20240212;101053;1592;1;9586168807;S
20240212;101053;1592;1;9586168808;S
20240212;101053;1592;2;9586168809;S
20240212;101053;1592;45;9586168810;S
20240212;101053;1592;1;9586168811;S
20240212;101053;1592;1;9586168812;S
20240212;101053;1592;1;9586168813;S
20240212;101053;1592;1;9586168867;S
20240212;101054;1592.2;1;9586168983;B
20240212;101055;1592;30;9586169049;S
20240212;101055;1592;2;9586169075;S
20240212;101055;1592.2;2;9586169100;B
20240212;101056;1592;100;9586169196;S
20240212;101056;1592.2;1;9586169229;B
20240212;101056;1592;5;9586169235;S
20240212;101056;1591.8;155;9586169236;S
20240212;101056;1591.8;1;9586169237;S
20240212;101056;1591.8;10;9586169238;S
20240212;101056;1591.8;2;9586169239;S
20240212;101056;1591.8;1;9586169240;S
20240212;101056;1591.8;53;9586169241;S
20240212;101056;1591.6;1;9586169242;S
20240212;101056;1591.6;60;9586169243;S
20240212;101056;1591.4;5;9586169244;S
20240212;101056;1591.4;1;9586169245;S
20240212;101056;1591.4;26;9586169246;S
20240212;101057;1592.2;16;9586169289;B
20240212;101057;1592.2;30;9586169295;B
20240212;101057;1592.2;1;9586169326;B
20240212;101100;1592;15;9586169605;B
20240212;101100;1591.4;15;9586169623;S
20240212;101101;1592;1;9586169808;B
20240212;101102;1591.4;21;9586169941;S
20240212;101106;1591.4;100;9586170468;S
20240212;101106;1592;2;9586170476;B
20240212;101106;1592;8;9586170589;B
20240212;101108;1592;1;9586170747;B
20240212;101108;1591.4;1;9586170792;S
20240212;101109;1591.2;10;9586170899;S
20240212;101109;1591.2;1;9586170900;S
20240212;101109;1591.2;12;9586170901;S
20240212;101109;1591.2;20;9586170902;S
20240212;101109;1591.4;6;9586170904;B
20240212;101110;1591.2;40;9586170927;S
20240212;101110;1591.2;25;9586170928;S
20240212;101110;1591.2;1;9586170982;S
20240212;101110;1591.2;1;9586170984;S
20240212;101111;1591.4;80;9586171184;B
20240212;101112;1592;11;9586171214;B
20240212;101112;1592.2;1;9586171240;B
20240212;101113;1592.2;9;9586171336;B
20240212;101115;1591.4;3;9586171676;S
20240212;101116;1591.4;61;9586171754;S
20240212;101116;1591.4;177;9586171755;S
20240212;101123;1592;100;9586172705;S
20240212;101125;1592;1;9586172953;S
20240212;101125;1592.2;6;9586173021;B
20240212;101126;1592.2;1;9586173059;B
20240212;101126;1592;18;9586173070;S
20240212;101126;1592;1;9586173130;S
20240212;101127;1591.8;1;9586173164;S
20240212;101131;1592;1;9586173684;B
20240212;101131;1592.2;5;9586173744;B
20240212;101131;1592.2;3;9586173775;B
20240212;101132;1592;2;9586173815;S
20240212;101132;1592.2;5;9586173818;B
20240212;101135;1592.2;1;9586174183;B
20240212;101135;1592;4;9586174246;S
20240212;101135;1592;1;9586174247;S
20240212;101136;1592;1;9586174291;S
20240212;101136;1592.2;20;9586174394;B
20240212;101137;1592;3;9586174483;S
20240212;101137;1591.8;189;9586174484;S
20240212;101137;1591.8;58;9586174485;S
20240212;101137;1591.8;60;9586174486;S
20240212;101137;1591.8;56;9586174487;S
20240212;101137;1591.8;10;9586174488;S
20240212;101137;1591.6;60;9586174489;S
20240212;101137;1591.4;362;9586174490;S
20240212;101137;1591.4;20;9586174491;S
20240212;101137;1591.4;64;9586174492;S
20240212;101137;1591.4;3;9586174493;S
20240212;101137;1591.2;50;9586174494;S
20240212;101137;1591.2;188;9586174495;S
20240212;101137;1591.2;3;9586174496;S
20240212;101137;1591.2;4;9586174497;S
20240212;101137;1591.2;1;9586174498;S
20240212;101137;1591;1;9586174499;S
20240212;101137;1591;1;9586174500;S
20240212;101137;1591;1;9586174501;S
20240212;101137;1591;1;9586174502;S
20240212;101137;1591;10;9586174503;S
20240212;101137;1591;200;9586174504;S
20240212;101137;1591;1;9586174505;S
20240212;101137;1591;5;9586174506;S
20240212;101137;1591;1;9586174507;S
20240212;101137;1591;25;9586174508;S
20240212;101137;1591;50;9586174509;S
20240212;101137;1591;1;9586174510;S
20240212;101137;1591;170;9586174511;S
20240212;101137;1591;1;9586174512;S
20240212;101137;1591;1;9586174513;S
20240212;101137;1591;29;9586174514;S
20240212;101137;1592;4;9586174536;B
20240212;101137;1592;1;9586174537;B
20240212;101137;1592;1;9586174568;S
20240212;101139;1592;1;9586174717;B
20240212;101139;1591.2;7;9586174764;S
20240212;101139;1591.2;9;9586174765;S
20240212;101139;1591.2;32;9586174766;S
20240212;101140;1591.6;1;9586174873;B
20240212;101142;1592.2;2;9586175065;B
20240212;101145;1592.2;53;9586175452;B
20240212;101145;1592.2;25;9586175453;B
20240212;101145;1592.2;10;9586175454;B
20240212;101145;1592.4;2;9586175455;B
20240212;101145;1592.4;10;9586175456;B
20240212;101147;1592;1;9586175713;B
20240212;101148;1592.2;4;9586175792;B
20240212;101148;1592.2;62;9586175879;B
20240212;101148;1592;1;9586175892;S
20240212;101152;1592.2;1;9586176304;B
20240212;101152;1592.2;1;9586176324;B
20240212;101152;1592;122;9586176360;S
20240212;101152;1592;60;9586176361;S
20240212;101152;1592;118;9586176362;S
20240212;101153;1592;1;9586176429;S
20240212;101153;1592;150;9586176476;S
20240212;101154;1592.2;2;9586176513;B
20240212;101154;1592.2;10;9586176575;B
20240212;101154;1592;1;9586176599;S
20240212;101156;1592;13;9586176971;S
20240212;101158;1592;1;9586177185;S
20240212;101159;1592.2;10;9586177243;B
20240212;101159;1592;1;9586177258;S
20240212;101202;1592.2;2;9586177559;B
20240212;101202;1592;1;9586177575;S
20240212;101202;1592.2;3;9586177583;B
20240212;101203;1592.2;5;9586177729;B
20240212;101203;1592.2;1;9586177730;B
20240212;101203;1592.6;3;9586177731;B
20240212;101203;1592.4;1;9586177740;S
20240212;101204;1592.4;23;9586177981;S
20240212;101205;1592.4;40;9586178182;S
20240212;101205;1592.4;30;9586178183;S
20240212;101206;1592.6;4;9586178253;B
20240212;101207;1592.4;1;9586178460;S
20240212;101207;1592.4;7;9586178471;S
20240212;101209;1592.6;1;9586178824;B
20240212;101209;1592.4;1;9586178847;S
20240212;101211;1592.6;2;9586179116;B
20240212;101211;1592.4;1;9586179124;S
20240212;101211;1592.6;1;9586179220;B
20240212;101212;1592.4;100;9586179319;S
20240212;101212;1592.4;1;9586179342;S
20240212;101212;1592.4;1;9586179346;S
20240212;101212;1592.4;1;9586179351;S
20240212;101212;1592.6;2;9586179376;B
20240212;101213;1592.6;11;9586179434;B
20240212;101213;1592.4;1;9586179452;S
20240212;101214;1592.6;2;9586179579;B
20240212;101215;1592.4;1;9586179628;S
20240212;101217;1592.6;2;9586179882;B
20240212;101219;1592.4;26;9586180258;S
20240212;101219;1592.4;24;9586180259;S
20240212;101219;1592.4;1;9586180279;S
20240212;101219;1592.2;16;9586180291;S
20240212;101221;1592.2;4;9586180565;S
20240212;101221;1592.2;3;9586180576;S
20240212;101222;1592.4;1;9586180705;B
20240212;101223;1592.6;2;9586180747;B
20240212;101223;1592.2;1;9586180857;S
20240212;101225;1592.2;2;9586181170;S
20240212;101226;1592.4;1;9586181248;B
20240212;101226;1592.2;100;9586181310;S
20240212;101228;1592.4;6;9586181492;B
20240212;101228;1592.2;95;9586181525;S
20240212;101228;1592.2;6;9586181526;S
20240212;101228;1592.2;49;9586181527;S
20240212;101230;1592.4;1;9586181763;B
20240212;101231;1592.2;5;9586182000;S
20240212;101232;1592.4;1;9586182088;B
20240212;101232;1592.4;2;9586182150;B
20240212;101233;1592.2;10;9586182242;S
20240212;101233;1592.2;20;9586182248;S
20240212;101234;1592.4;5;9586182312;B
20240212;101234;1592.4;1;9586182313;B
20240212;101235;1592.4;1;9586182437;B
20240212;101235;1592.4;6;9586182438;B
20240212;101235;1592.4;44;9586182439;B
20240212;101237;1592.4;5;9586182708;B
20240212;101237;1592.2;5;9586182780;S
20240212;101237;1592.2;8;9586182781;S
20240212;101237;1592.2;1;9586182792;S
20240212;101238;1592.4;1;9586182863;B
20240212;101238;1592.4;4;9586182864;B
20240212;101240;1592.2;1;9586183008;S
20240212;101240;1592.4;1;9586183013;B
20240212;101241;1592.4;6;9586183161;B
20240212;101241;1592.2;1;9586183175;S
20240212;101242;1592.4;1;9586183275;B
20240212;101243;1592.2;10;9586183315;S
20240212;101243;1592.4;1;9586183386;B
20240212;101245;1592.2;2;9586183580;S
20240212;101247;1592.4;3;9586183868;B
20240212;101249;1592.4;15;9586184095;B
20240212;101250;1592.4;1;9586184278;B
20240212;101250;1592.4;8;9586184280;B
20240212;101251;1592.2;17;9586184499;S
20240212;101251;1592.2;13;9586184500;S
20240212;101251;1592.2;33;9586184566;S
20240212;101253;1592.4;50;9586184699;B
20240212;101253;1592.4;3;9586184768;B
20240212;101254;1592.4;2;9586184897;B
20240212;101254;1592.4;23;9586184898;B
20240212;101255;1592.2;27;9586184953;S
20240212;101255;1592.2;5;9586184954;S
20240212;101255;1592.2;5;9586184955;S
20240212;101255;1592;1;9586184956;S
20240212;101255;1592;3;9586184957;S
20240212;101255;1592;26;9586184958;S
20240212;101258;1592.4;2;9586185357;B
20240212;101259;1592.2;3;9586185400;S
20240212;101302;1592.2;1;9586185773;B
20240212;101304;1592.2;5;9586185941;B
20240212;101306;1592.2;5;9586186116;B
20240212;101306;1592;2;9586186122;S
20240212;101307;1592.2;1;9586186189;B
20240212;101307;1592.2;45;9586186229;B
20240212;101307;1592.2;53;9586186230;B
20240212;101307;1592.2;2;9586186231;B
20240212;101307;1592.4;19;9586186234;B
20240212;101308;1592.2;5;9586186332;S
20240212;101308;1592;272;9586186333;S
20240212;101308;1592;10;9586186334;S
20240212;101308;1592;1;9586186335;S
20240212;101308;1592;13;9586186336;S
20240212;101308;1592;14;9586186337;S
20240212;101308;1592;1;9586186343;S
20240212;101309;1592.2;10;9586186459;B
20240212;101309;1592.2;1;9586186482;B
20240212;101310;1592;5;9586186561;S
20240212;101310;1592;3;9586186562;S
20240212;101310;1592;2;9586186563;S
20240212;101310;1592.2;102;9586186570;B
20240212;101310;1592.2;60;9586186571;B
20240212;101310;1592.2;8;9586186572;B
20240212;101310;1592.2;1;9586186625;B
20240212;101311;1592.2;1;9586186776;B
20240212;101312;1592;1;9586186813;S
20240212;101314;1592.2;5;9586187226;B
20240212;101315;1592.2;4;9586187326;B
20240212;101317;1592;27;9586187453;S
20240212;101317;1592;2;9586187454;S
20240212;101317;1592;1;9586187455;S
20240212;101317;1592;5;9586187456;S
20240212;101317;1592;2;9586187528;B
20240212;101318;1592;2;9586187676;B
20240212;101319;1592;25;9586187797;B
20240212;101319;1592;1;9586187801;B
20240212;101319;1592;5;9586187842;B
20240212;101320;1592;1;9586187937;B
20240212;101321;1592;29;9586188027;B
20240212;101322;1592;1;9586188143;S
20240212;101322;1592;2;9586188225;S
20240212;101324;1592;1;9586188501;S
20240212;101324;1592.2;3;9586188521;B
20240212;101325;1592;1;9586188583;S
20240212;101327;1592.2;1;9586188885;B
20240212;101331;1592;50;9586189266;S
20240212;101332;1592.2;1;9586189367;B
20240212;101333;1592;7;9586189564;S
20240212;101334;1592.2;10;9586189833;B
20240212;101335;1592.2;1;9586189865;B
20240212;101336;1592.2;2;9586190100;B
20240212;101337;1592.2;3;9586190144;B
20240212;101337;1592;8;9586190210;S
20240212;101338;1592.2;2;9586190305;B
20240212;101338;1592.2;2;9586190312;S
20240212;101338;1592.4;6;9586190313;B
20240212;101338;1592.4;2;9586190314;B
20240212;101339;1592.2;15;9586190378;S
20240212;101340;1592.4;2;9586190494;B
20240212;101341;1592.4;1;9586190633;B
20240212;101341;1592.2;1;9586190634;S
20240212;101343;1592.4;1;9586190875;B
20240212;101344;1592.4;2;9586191002;B
20240212;101345;1592.4;1;9586191108;B
20240212;101345;1592.2;1;9586191154;S
20240212;101345;1592.2;10;9586191155;S
20240212;101347;1592.4;1;9586191310;B
20240212;101349;1592.4;100;9586191574;B
20240212;101350;1592.2;2;9586191722;S
20240212;101351;1592.4;1;9586191853;B
20240212;101353;1592.4;10;9586192092;B
20240212;101355;1592.4;7;9586192262;B
20240212;101355;1592.4;1;9586192299;B
20240212;101356;1592.4;4;9586192455;B
20240212;101358;1592.4;24;9586192675;B
20240212;101359;1592.2;5;9586192820;S
20240212;101400;1592.4;2;9586192929;B
20240212;101401;1592.4;3;9586193087;B
20240212;101402;1592.4;5;9586193149;B
20240212;101405;1592.4;1;9586193546;B
20240212;101406;1592.4;31;9586193681;B
20240212;101407;1592.4;18;9586193788;B
20240212;101408;1592.4;1;9586193805;B
20240212;101408;1592.4;10;9586193855;B
20240212;101410;1592.4;3;9586194148;B
20240212;101411;1592.4;156;9586194224;B
20240212;101411;1592.4;52;9586194225;B
20240212;101411;1592.4;2;9586194226;B
20240212;101411;1592.4;1;9586194321;S
20240212;101412;1592.6;1;9586194335;B
20240212;101413;1592.6;1;9586194440;B
20240212;101413;1592.4;1;9586194488;S
20240212;101414;1592.6;1;9586194642;B
20240212;101414;1592.4;6;9586194655;S
20240212;101414;1592.6;37;9586194699;B
20240212;101414;1592.6;63;9586194700;B
20240212;101414;1592.6;37;9586194721;B
20240212;101414;1592.6;1;9586194722;B
20240212;101414;1592.6;52;9586194723;B
20240212;101417;1592.8;11;9586195011;B
20240212;101419;1592.8;1;9586195296;B
20240212;101419;1592.8;5;9586195303;B
20240212;101419;1592.8;3;9586195387;B
20240212;101419;1592.8;2;9586195388;B
20240212;101419;1592.8;23;9586195389;B
20240212;101419;1592.8;34;9586195390;B
20240212;101420;1592.8;33;9586195394;B
20240212;101420;1592.6;2;9586195464;S
20240212;101420;1592.6;1;9586195488;S
20240212;101423;1592.8;1;9586195735;B
20240212;101425;1592.8;4;9586195895;B
20240212;101426;1592.8;2;9586196127;B
20240212;101427;1592.8;1;9586196240;B
20240212;101428;1592.8;7;9586196431;B
20240212;101428;1592.6;7;9586196467;S
20240212;101428;1592.6;83;9586196468;S
20240212;101429;1592.8;2;9586196474;B
20240212;101429;1592.8;42;9586196475;B
20240212;101429;1592.8;3;9586196487;B
20240212;101430;1592.8;10;9586196896;B
20240212;101431;1592.8;1;9586197035;B
20240212;101432;1592.6;6;9586197080;S
20240212;101432;1592.6;52;9586197081;S
20240212;101432;1592.6;1;9586197082;S
20240212;101432;1592.4;708;9586197083;S
20240212;101432;1592.8;1;9586197151;B
20240212;101433;1592.6;162;9586197249;S
20240212;101433;1592.8;20;9586197263;B
20240212;101433;1592.8;10;9586197291;B
20240212;101434;1592.8;5;9586197337;B
20240212;101434;1592.8;3;9586197423;B
20240212;101435;1592.8;1;9586197659;B
20240212;101437;1592.8;3;9586197935;B
20240212;101439;1592.6;1;9586198192;S
20240212;101439;1592.8;1;9586198194;B
20240212;101439;1592.8;1;9586198201;B
20240212;101439;1592.6;1;9586198226;S
20240212;101439;1592.6;1;9586198227;S
20240212;101440;1592.4;1;9586198331;S
20240212;101441;1592.6;3;9586198415;B
20240212;101443;1592.4;60;9586198650;S
20240212;101443;1592.4;13;9586198651;S
20240212;101444;1592.6;1;9586198782;B
20240212;101444;1592.6;3;9586198920;B
20240212;101447;1592.4;1;9586199411;S
20240212;101447;1592.4;1;9586199412;S
20240212;101447;1592.6;13;9586199455;B
20240212;101447;1592.6;1;9586199459;B
20240212;101448;1592.6;6;9586199514;B
20240212;101449;1592.6;10;9586199594;B
20240212;101449;1592.6;2;9586199622;B
20240212;101449;1592.6;6;9586199652;B
20240212;101450;1592.6;3;9586199819;B
20240212;101450;1592.6;1;9586199820;B
20240212;101453;1592.8;15;9586200215;B
20240212;101453;1592.8;1;9586200216;B
20240212;101454;1592.6;1;9586200365;S
20240212;101454;1592.4;1;9586200366;S
20240212;101454;1592.4;1;9586200367;S
20240212;101454;1592.4;5;9586200368;S
20240212;101454;1592.4;32;9586200369;S
20240212;101454;1592.4;1;9586200379;S
20240212;101458;1592.8;25;9586200889;B
20240212;101500;1592.6;1;9586201148;S
20240212;101500;1592.6;5;9586201173;S
20240212;101500;1592.6;1;9586201209;S
20240212;101500;1592.8;45;9586201446;B
20240212;101501;1592.8;1;9586201535;B
20240212;101501;1592.8;2;9586201606;B
20240212;101503;1592.6;1;9586202918;S
20240212;101504;1592.6;1;9586203122;S
20240212;101505;1592.6;1;9586203906;S
20240212;101506;1592.6;1;9586204219;S
20240212;101508;1592.8;3;9586204994;B
20240212;101509;1592.8;1;9586205396;B
20240212;101509;1592.8;92;9586205462;B
20240212;101509;1592.8;5;9586205463;B
20240212;101509;1592.8;20;9586205464;B
20240212;101509;1592.8;50;9586205465;B
20240212;101509;1592.8;1;9586205466;B
20240212;101509;1592.8;188;9586205467;B
20240212;101509;1592.8;1;9586205468;B
20240212;101509;1592.8;60;9586205469;B
20240212;101509;1592.8;163;9586205470;B
20240212;101510;1592.8;25;9586205491;B
20240212;101510;1592.8;1;9586205547;B
20240212;101510;1592.8;3;9586205664;B
20240212;101511;1592.6;1;9586205707;S
20240212;101516;1592.8;1;9586206867;B
20240212;101516;1592.8;1;9586206904;B
20240212;101517;1592.8;1;9586207102;B
20240212;101517;1592.8;1;9586207111;B
20240212;101519;1592.6;13;9586207400;S
20240212;101519;1592.6;6;9586207401;S
20240212;101519;1592.6;1;9586207402;S
20240212;101519;1592.6;1;9586207403;S
20240212;101519;1592.6;97;9586207404;S
20240212;101519;1592.6;1;9586207405;S
20240212;101519;1592.6;81;9586207406;S
20240212;101519;1592.6;1;9586207494;S
20240212;101519;1592.6;1;9586207499;S
20240212;101520;1592.8;15;9586207772;B
20240212;101521;1592.6;1;9586207882;S
20240212;101521;1592.6;1;9586207953;S
20240212;101521;1592.6;5;9586208056;S
20240212;101522;1592.6;1;9586208060;S
20240212;101523;1592.6;1;9586208282;S
20240212;101523;1592.8;2;9586208299;B
20240212;101523;1592.6;1;9586208371;S
20240212;101523;1592.6;1;9586208470;S
20240212;101523;1592.6;1;9586208504;S
20240212;101524;1592.8;1;9586208823;B
20240212;101524;1592.6;1;9586208825;S
20240212;101525;1592.6;1;9586208861;S
20240212;101525;1592.6;16;9586208892;S
20240212;101525;1592.6;1;9586208893;S
