<DATE>;<TIME>;<LAST>;<VOL>;<ID>;<OPER>
20240130;095950;1635.2;2;9478387405;S
20240130;095950;1635.2;1;9478387406;S
20240130;095950;1635.2;5;9478387407;S
20240130;095950;1635.2;6;9478387408;S
20240130;095950;1635.2;1;9478387409;S
20240130;095950;1635.2;3;9478387410;S
20240130;095950;1635.2;1;9478387411;S
20240130;095950;1635.2;30;9478387412;S
20240130;095950;1635.2;14;9478387413;S
20240130;095950;1635.2;2;9478387414;S
20240130;095950;1635.2;9;9478387415;S
20240130;095950;1635.2;2;9478387416;S
20240130;095950;1635.2;10;9478387417;S
20240130;095950;1635.2;1;9478387418;B
20240130;095950;1635.2;1;9478387419;S
20240130;095950;1635.2;20;9478387420;S
20240130;095950;1635.2;57;9478387421;S
20240130;095950;1635.2;1;9478387422;S
20240130;095950;1635.2;1;9478387423;S
20240130;095950;1635.2;300;9478387424;S
20240130;095950;1635.2;43;9478387425;S
20240130;095950;1635.2;15;9478387426;S
20240130;095950;1635.2;5;9478387427;S
20240130;095950;1635.2;9;9478387428;S
20240130;095950;1635.2;1;9478387429;S
20240130;095950;1635.2;1;9478387430;S
20240130;095950;1635.2;65;9478387431;S
20240130;095950;1635.2;7;9478387432;S
20240130;095950;1635.2;100;9478387433;S
20240130;095950;1635.2;200;9478387434;S
20240130;095950;1635.2;1;9478387435;S
20240130;095950;1635.2;10;9478387436;S
20240130;095950;1635.2;512;9478387437;S
20240130;095950;1635.2;70;9478387438;S
20240130;095950;1635.2;10;9478387439;S
20240130;095950;1635.2;30;9478387440;S
20240130;095950;1635.2;60;9478387441;S
20240130;095950;1635.2;50;9478387442;S
20240130;095950;1635.2;20;9478387443;S
20240130;095950;1635.2;5;9478387444;S
20240130;095950;1635.2;18;9478387445;S
20240130;095950;1635.2;20;9478387446;S
20240130;095950;1635.2;70;9478387447;S
20240130;095950;1635.2;50;9478387448;S
20240130;095950;1635.2;7;9478387449;S
20240130;095950;1635.2;1;9478387450;S
20240130;095950;1635.2;261;9478387451;S
20240130;095950;1635.2;1;9478387452;B
20240130;095950;1635.2;1;9478387453;B
20240130;095950;1635.2;1;9478387454;B
20240130;095950;1635.2;2;9478387455;B
20240130;095950;1635.2;3;9478387456;B
20240130;095950;1635.2;1;9478387457;B
20240130;095950;1635.2;1;9478387458;B
20240130;095950;1635.2;1;9478387459;B
20240130;095950;1635.2;1;9478387460;B
20240130;095950;1635.2;31;9478387461;B
20240130;095950;1635.2;18;9478387462;B
20240130;095950;1635.2;304;9478387463;S
20240130;095950;1635.2;50;9478387464;S
20240130;095950;1635.2;2;9478387465;B
20240130;095950;1635.2;1;9478387466;B
20240130;095950;1635.2;1000;9478387467;B
20240130;095950;1635.2;50;9478387468;B
20240130;095950;1635.2;50;9478387469;B
20240130;095950;1635.2;3;9478387470;B
20240130;095950;1635.2;1;9478387471;B
20240130;095950;1635.2;70;9478387472;S
20240130;095950;1635.2;440;9478387473;S
20240130;095950;1635.2;10;9478387474;S
20240130;095950;1635.2;8;9478387475;S
20240130;095950;1635.2;6;9478387476;B
20240130;095950;1635.2;2;9478387477;S
20240130;095950;1635.2;1;9478387478;B
20240130;095950;1635.2;1;9478387479;B
20240130;095950;1635.2;1;9478387480;B
20240130;095950;1635.2;2;9478387481;B
20240130;095950;1635.2;50;9478387482;B
20240130;095950;1635.2;1;9478387483;B
20240130;095950;1635.2;4;9478387484;B
20240130;095950;1635.2;20;9478387485;B
20240130;095950;1635.2;1;9478387486;B
20240130;095950;1635.2;2;9478387487;B
20240130;095950;1635.2;6;9478387488;B
20240130;095950;1635.2;50;9478387489;B
20240130;095950;1635.2;113;9478387490;B
20240130;095950;1635.2;1;9478387491;S
20240130;095950;1635.2;96;9478387492;S
20240130;095950;1635.2;1;9478387493;B
20240130;095950;1635.2;40;9478387494;S
20240130;095950;1635.2;1;9478387495;B
20240130;095950;1635.2;1;9478387496;B
20240130;095950;1635.2;2;9478387497;B
20240130;095950;1635.2;5;9478387498;B
20240130;095950;1635.2;1;9478387499;B
20240130;095950;1635.2;1;9478387500;B
20240130;095950;1635.2;1;9478387501;B
20240130;095950;1635.2;1;9478387502;B
20240130;095950;1635.2;1;9478387503;B
20240130;095950;1635.2;20;9478387504;B
20240130;095950;1635.2;1;9478387505;B
20240130;095950;1635.2;106;9478387506;S
20240130;095950;1635.2;2;9478387507;B
20240130;095950;1635.2;1;9478387508;B
20240130;095950;1635.2;1;9478387509;B
20240130;095950;1635.2;1;9478387510;B
20240130;095950;1635.2;5;9478387511;B
20240130;095950;1635.2;50;9478387512;B
20240130;095950;1635.2;50;9478387513;B
20240130;095950;1635.2;18;9478387514;B
20240130;095950;1635.2;11;9478387515;S
20240130;095950;1635.2;200;9478387516;S
20240130;095950;1635.2;1;9478387517;B
20240130;095950;1635.2;100;9478387518;B
20240130;095950;1635.2;1;9478387519;B
20240130;095950;1635.2;3;9478387520;B
20240130;095950;1635.2;1;9478387521;B
20240130;095950;1635.2;3;9478387522;S
20240130;095950;1635.2;1;9478387523;B
20240130;095950;1635.2;20;9478387524;B
20240130;095950;1635.2;4;9478387525;B
20240130;095950;1635.2;721;9478387526;S
20240130;095950;1635.2;300;9478387527;S
20240130;095950;1635.2;1;9478387528;B
20240130;095950;1635.2;1;9478387529;B
20240130;095950;1635.2;9;9478387530;S
20240130;095950;1635.2;1902;9478387531;S
20240130;095950;1635.2;2;9478387532;S
20240130;095950;1635.2;1;9478387533;B
20240130;095950;1635.2;1;9478387534;B
20240130;095950;1635.2;1;9478387535;B
20240130;095950;1635.2;50;9478387536;B
20240130;095950;1635.2;1;9478387537;B
20240130;095950;1635.2;1;9478387538;B
20240130;095950;1635.2;393;9478387539;B
20240130;095950;1635.2;50;9478387540;B
20240130;095950;1635.2;3;9478387541;B
20240130;095950;1635.2;6;9478387542;S
20240130;095950;1635.2;3318;9478387543;S
20240130;095950;1635.2;1;9478387544;B
20240130;095950;1635.2;1;9478387545;B
20240130;095950;1635.2;30;9478387546;B
20240130;095950;1635.2;4625;9478387547;S
20240130;095950;1635.2;1756;9478387548;S
20240130;095950;1635.2;718;9478387549;S
20240130;095950;1635.2;294;9478387550;S
20240130;095950;1635.2;114;9478387551;S
20240130;095950;1635.2;50;9478387552;S
20240130;095950;1635.2;22;9478387553;S
20240130;095950;1635.2;10;9478387554;S
20240130;095950;1635.2;4;9478387555;S
20240130;095950;1635.2;2;9478387556;S
20240130;095950;1635.2;1;9478387557;S
20240130;095950;1635.2;2;9478387558;B
20240130;095950;1635.2;1;9478387559;B
20240130;095950;1635.2;1;9478387560;B
20240130;095950;1635.2;1;9478387561;S
20240130;095950;1635.2;1;9478387562;B
20240130;095950;1635.2;1;9478387563;B
20240130;095950;1635.2;98;9478387564;B
20240130;095950;1635.2;3;9478387565;B
20240130;095950;1635.2;2;9478387566;B
20240130;095950;1635.2;1;9478387567;B
20240130;095950;1635.2;1;9478387568;B
20240130;095950;1635.2;1;9478387569;B
20240130;095950;1635.2;3;9478387570;B
20240130;095950;1635.2;50;9478387571;B
20240130;095950;1635.2;9;9478387572;B
20240130;095950;1635.2;146;9478387573;S
20240130;095950;1635.2;3;9478387574;S
20240130;095950;1635.2;3;9478387575;S
20240130;095950;1635.2;3;9478387576;S
20240130;095950;1635.2;3;9478387577;S
20240130;095950;1635.2;3;9478387578;S
20240130;095950;1635.2;1;9478387579;B
20240130;095950;1635.2;1;9478387580;B
20240130;095950;1635.2;9;9478387581;S
20240130;095950;1635.2;5;9478387582;B
20240130;095950;1635.2;6;9478387583;B
20240130;095950;1635.2;1;9478387584;B
20240130;095950;1635.2;49;9478387585;B
20240130;095950;1635.2;1;9478387586;B
20240130;095950;1635.2;250;9478387587;B
20240130;095950;1635.2;1;9478387588;B
20240130;095950;1635.2;1;9478387589;B
20240130;095950;1635.2;2;9478387590;B
20240130;095950;1635.2;1;9478387591;B
20240130;095950;1635.2;346;9478387592;S
20240130;095950;1635.2;100;9478387593;S
20240130;095950;1635.2;23;9478387594;B
20240130;095950;1635.2;1;9478387595;B
20240130;095950;1635.2;5;9478387596;B
20240130;095950;1635.2;7;9478387597;B
20240130;095950;1635.2;1;9478387598;B
20240130;095950;1635.2;25;9478387599;B
20240130;095950;1635.2;1;9478387600;B
20240130;095950;1635.2;1;9478387601;B
20240130;095950;1635.2;6;9478387602;B
20240130;095950;1635.2;1;9478387603;B
20240130;095950;1635.2;50;9478387604;B
20240130;095950;1635.2;5;9478387605;B
20240130;095950;1635.2;286;9478387606;B
20240130;095950;1635.2;1;9478387607;B
20240130;095950;1635.2;5;9478387608;B
20240130;095950;1635.2;20;9478387609;B
20240130;095950;1635.2;5;9478387610;B
20240130;095950;1635.2;1;9478387611;B
20240130;095950;1635.2;50;9478387612;B
20240130;095950;1635.2;2;9478387613;B
20240130;095950;1635.2;2;9478387614;B
20240130;095950;1635.2;3;9478387615;B
20240130;095950;1635.2;2;9478387616;B
20240130;095950;1635.2;10;9478387617;S
20240130;095950;1635.2;1;9478387618;S
20240130;095950;1635.2;350;9478387619;S
20240130;095950;1635.2;1;9478387620;B
20240130;095950;1635.2;313;9478387621;S
20240130;095950;1635.2;8;9478387622;B
20240130;095950;1635.2;1;9478387623;B
20240130;095950;1635.2;20;9478387624;B
20240130;095950;1635.2;80;9478387625;B
20240130;095950;1635.2;80;9478387626;B
20240130;095950;1635.2;30;9478387627;B
20240130;100000;1635;75;9478390387;S
20240130;100000;1634.6;6;9478390478;B
20240130;100000;1634.6;14;9478390489;B
20240130;100000;1634;1;9478390508;S
20240130;100000;1634.6;1;9478390523;B
20240130;100000;1634;100;9478390535;S
20240130;100000;1634.6;140;9478390545;B
20240130;100000;1634;61;9478390546;S
20240130;100000;1634;2;9478390554;S
20240130;100000;1634;10;9478390564;S
20240130;100000;1634;5;9478390565;S
20240130;100000;1634.6;2;9478390568;B
20240130;100000;1634.6;40;9478390570;B
20240130;100000;1634;7;9478390580;S
20240130;100000;1634;9;9478390594;S
20240130;100000;1634.6;200;9478390596;B
20240130;100000;1634.4;1;9478390605;S
20240130;100000;1634.6;22;9478390606;B
20240130;100000;1634.6;300;9478390607;B
20240130;100000;1635;1;9478390608;B
20240130;100000;1635;102;9478390609;B
20240130;100000;1635.2;75;9478390610;B
20240130;100000;1634.4;4;9478390623;S
20240130;100000;1634.2;5;9478390639;S
20240130;100000;1634;1;9478390650;S
20240130;100000;1634;11;9478390672;S
20240130;100000;1634;79;9478390685;S
20240130;100000;1634.4;1;9478390700;B
20240130;100000;1634.4;5;9478390701;B
20240130;100000;1634.6;10;9478390702;B
20240130;100000;1634.6;14;9478390703;B
20240130;100000;1634.6;11;9478390731;B
20240130;100000;1634.6;139;9478390732;B
20240130;100000;1634.6;130;9478390742;B
20240130;100000;1634;2;9478390786;S
20240130;100000;1634.6;1;9478390825;B
20240130;100000;1634;5;9478390920;S
20240130;100000;1634;3;9478391081;S
20240130;100000;1634;11;9478391098;S
20240130;100000;1634;5;9478391110;S
20240130;100000;1634;1;9478391117;S
20240130;100000;1634;10;9478391118;S
20240130;100000;1634;1;9478391139;S
20240130;100000;1634;4;9478391200;S
20240130;100000;1634;1;9478391229;S
20240130;100000;1634;2;9478391257;S
20240130;100000;1634;1;9478391260;S
20240130;100001;1634;103;9478391374;S
20240130;100001;1634;20;9478391486;S
20240130;100001;1634.4;1;9478391497;B
20240130;100001;1634.4;17;9478391498;B
20240130;100001;1634;1;9478391602;S
20240130;100001;1634;200;9478391956;S
20240130;100001;1634;2;9478391972;S
20240130;100001;1634.4;15;9478391973;B
20240130;100001;1634;29;9478392087;S
20240130;100001;1634.4;18;9478392133;B
20240130;100001;1634.4;62;9478392134;B
20240130;100001;1634.4;62;9478392135;B
20240130;100001;1634.4;137;9478392136;B
20240130;100001;1634.4;1;9478392137;B
20240130;100001;1634.4;40;9478392138;B
20240130;100001;1634.6;80;9478392139;B
20240130;100001;1634.2;23;9478392270;B
20240130;100001;1634.2;31;9478392271;B
20240130;100001;1634.2;83;9478392272;B
20240130;100001;1634.4;17;9478392273;B
20240130;100001;1634;137;9478392276;S
20240130;100001;1634;5;9478392282;S
20240130;100001;1634;15;9478392285;S
20240130;100001;1634;1;9478392307;S
20240130;100001;1634;246;9478392314;S
20240130;100002;1634.2;1;9478392578;B
20240130;100002;1634;10;9478392628;S
20240130;100002;1634.2;136;9478392635;B
20240130;100002;1634.4;24;9478392636;B
20240130;100002;1634;1;9478392637;S
20240130;100002;1634;35;9478392638;S
20240130;100002;1634.4;25;9478392647;B
20240130;100002;1634;20;9478392656;S
20240130;100002;1634.4;19;9478392705;B
20240130;100002;1634.4;15;9478392743;B
20240130;100002;1634;1;9478392752;S
20240130;100002;1634.2;18;9478392786;B
20240130;100002;1634;2;9478392816;S
20240130;100002;1634;2;9478392862;S
20240130;100002;1634;1;9478392943;S
20240130;100002;1634;15;9478393021;S
20240130;100002;1634;5;9478393040;S
20240130;100002;1634;67;9478393076;S
20240130;100002;1634;200;9478393077;S
20240130;100002;1634;61;9478393078;S
20240130;100002;1633.6;3;9478393117;S
20240130;100002;1633.8;10;9478393129;B
20240130;100002;1633.8;52;9478393153;B
20240130;100002;1633.8;59;9478393154;B
20240130;100002;1633.6;2;9478393158;S
20240130;100002;1633.6;25;9478393164;S
20240130;100002;1633.2;2;9478393165;S
20240130;100002;1633.2;23;9478393166;S
20240130;100002;1633.8;2;9478393168;B
20240130;100002;1633.8;20;9478393169;B
20240130;100002;1633.2;2;9478393179;S
20240130;100002;1633.8;40;9478393182;B
20240130;100002;1633.8;60;9478393183;B
20240130;100002;1633.8;18;9478393199;B
20240130;100002;1633.8;20;9478393213;B
20240130;100003;1633;3;9478393238;S
20240130;100003;1633;6;9478393246;S
20240130;100003;1633;5;9478393256;S
20240130;100003;1633;4;9478393259;S
20240130;100003;1633.8;30;9478393280;B
20240130;100003;1633.8;1;9478393289;B
20240130;100003;1633.8;1;9478393303;B
20240130;100003;1633;1;9478393311;S
20240130;100003;1633.8;25;9478393362;B
20240130;100003;1633.8;1;9478393366;B
20240130;100003;1633;1;9478393373;S
20240130;100003;1633;10;9478393427;S
20240130;100003;1633;22;9478393428;S
20240130;100003;1633;1;9478393429;S
20240130;100003;1633.4;62;9478393459;B
20240130;100003;1633.6;68;9478393460;B
20240130;100003;1633.4;8;9478393461;B
20240130;100003;1633;30;9478393471;S
20240130;100003;1633.4;2;9478393535;B
20240130;100003;1633.4;52;9478393537;B
20240130;100003;1633.4;62;9478393538;B
20240130;100003;1633.6;124;9478393539;B
20240130;100003;1633.6;46;9478393540;B
20240130;100003;1633.8;53;9478393541;B
20240130;100003;1634;3;9478393542;B
20240130;100003;1633.8;62;9478393561;B
20240130;100003;1633.8;13;9478393562;B
20240130;100003;1633.8;30;9478393564;B
20240130;100003;1633;8;9478393651;S
20240130;100003;1633;2;9478393734;S
20240130;100003;1633.8;3;9478393737;B
20240130;100003;1633.2;2;9478393808;B
20240130;100004;1633;1;9478393824;S
20240130;100004;1633.2;5;9478393842;B
20240130;100004;1633;2;9478393847;S
20240130;100004;1633.2;1;9478393853;B
20240130;100004;1633.8;59;9478393854;B
20240130;100004;1633.8;62;9478393855;B
20240130;100004;1634;58;9478393856;B
20240130;100004;1633.8;19;9478393894;B
20240130;100004;1633;10;9478393930;S
20240130;100004;1633;24;9478393987;S
20240130;100004;1632.6;1;9478393988;S
20240130;100004;1632.6;4;9478393989;S
20240130;100004;1632.6;3;9478393990;S
20240130;100004;1632.6;4;9478393991;S
20240130;100004;1632.6;4;9478393992;S
20240130;100004;1632.6;4;9478393993;S
20240130;100004;1632.6;4;9478393994;S
20240130;100004;1632.6;4;9478393995;S
20240130;100004;1632.6;222;9478393996;S
20240130;100004;1632.6;111;9478393997;S
20240130;100004;1632.4;40;9478393998;S
20240130;100004;1632.4;5;9478393999;S
20240130;100004;1632.4;183;9478394000;S
20240130;100004;1632.4;42;9478394001;S
20240130;100004;1632.2;50;9478394002;S
20240130;100004;1632.2;19;9478394003;S
20240130;100004;1632.2;4;9478394004;S
20240130;100004;1632;4;9478394005;S
20240130;100004;1632;68;9478394006;S
20240130;100004;1633.8;43;9478394061;B
20240130;100004;1633.8;62;9478394062;B
20240130;100004;1633.8;222;9478394063;B
20240130;100004;1633.8;222;9478394064;B
20240130;100004;1634;31;9478394188;B
20240130;100004;1634;7;9478394190;B
20240130;100004;1633.8;10;9478394203;S
20240130;100005;1633.8;24;9478394384;S
20240130;100005;1633.8;1;9478394437;S
20240130;100005;1633.8;4;9478394438;S
20240130;100005;1633.8;1;9478394576;S
20240130;100005;1634;1;9478394579;B
20240130;100005;1633.8;1;9478394601;S
20240130;100005;1633.8;1;9478394602;S
20240130;100005;1633.8;1;9478394605;S
20240130;100005;1633.8;1;9478394623;S
20240130;100005;1633.8;1;9478394680;S
20240130;100005;1634;20;9478394695;B
20240130;100005;1633.8;1;9478394884;S
20240130;100005;1633.8;1;9478394913;S
20240130;100005;1633.8;1;9478394984;S
20240130;100005;1633.8;1;9478395283;S
20240130;100005;1633.8;1;9478395419;S
20240130;100006;1633.8;1;9478395740;S
20240130;100006;1633.8;1;9478396010;S
20240130;100006;1633.8;1;9478396029;S
20240130;100006;1633.8;1;9478396037;S
20240130;100006;1634;1;9478396128;B
20240130;100006;1633.8;1;9478396277;S
20240130;100006;1633.8;1;9478396309;S
20240130;100006;1633.8;1;9478396383;S
20240130;100006;1633.8;2;9478396435;S
20240130;100006;1633.8;1;9478396704;S
20240130;100006;1633.8;1;9478396709;S
20240130;100006;1633.8;1;9478396800;S
20240130;100006;1633.8;1;9478396814;S
20240130;100006;1633.8;1;9478396843;S
20240130;100006;1633.8;1;9478396904;S
20240130;100006;1633.8;64;9478396905;S
20240130;100006;1633.8;1;9478396935;S
20240130;100006;1633.8;2;9478396976;S
20240130;100006;1633.8;19;9478396977;S
20240130;100006;1632.4;46;9478396978;S
20240130;100006;1632.2;35;9478396979;S
20240130;100006;1633.8;35;9478397012;B
20240130;100006;1634;65;9478397013;B
20240130;100007;1632.2;1;9478397204;S
20240130;100007;1632.2;3;9478397271;S
20240130;100007;1632.2;3;9478397274;S
20240130;100007;1632.2;1;9478397444;S
20240130;100007;1632.2;1;9478397499;S
20240130;100007;1633.2;1;9478397941;B
20240130;100007;1633.8;29;9478397942;B
20240130;100007;1633.8;33;9478397979;B
20240130;100007;1633.8;20;9478397980;B
20240130;100008;1633.8;1;9478398141;B
20240130;100008;1633.8;2;9478398142;B
20240130;100008;1633.8;5;9478398327;B
20240130;100008;1633.8;20;9478398342;B
20240130;100008;1633.8;5;9478398418;B
20240130;100008;1633.6;2;9478398518;S
20240130;100009;1633.6;3;9478398639;S
20240130;100009;1633.8;45;9478398680;B
20240130;100009;1633.8;55;9478398681;B
20240130;100009;1633.6;13;9478398714;S
20240130;100009;1633.6;7;9478398779;S
20240130;100009;1633.8;1;9478398988;B
20240130;100010;1633.6;1;9478399037;S
20240130;100010;1633.8;1;9478399119;B
20240130;100010;1633.8;70;9478399175;B
20240130;100010;1633.8;1;9478399271;B
20240130;100010;1633.8;21;9478399350;B
20240130;100010;1633.6;90;9478399400;S
20240130;100010;1633.6;65;9478399411;S
20240130;100010;1633.8;1;9478399479;B
20240130;100010;1633.8;1;9478399509;B
20240130;100010;1633.8;49;9478399570;B
20240130;100010;1633.8;51;9478399571;B
20240130;100010;1633.6;6;9478399581;S
20240130;100011;1633.6;13;9478399615;S
20240130;100011;1632.4;222;9478399616;S
20240130;100011;1632.4;9;9478399617;S
20240130;100011;1632.4;53;9478399944;S
20240130;100011;1632.2;213;9478399945;S
20240130;100011;1632.2;100;9478399946;S
20240130;100011;1632.2;50;9478399947;S
20240130;100011;1632;84;9478399948;S
20240130;100012;1633.2;45;9478400420;S
20240130;100012;1633.4;1;9478400436;B
20240130;100012;1633.4;1;9478400439;B
20240130;100013;1633.4;1;9478400571;B
20240130;100013;1633.2;2;9478400646;S
20240130;100013;1633.4;1;9478400674;B
20240130;100013;1633.4;1;9478400746;B
20240130;100013;1633.4;1;9478400910;B
20240130;100013;1633.4;1;9478400921;B
20240130;100013;1633.4;1;9478400992;B
20240130;100013;1633.4;10;9478401077;B
20240130;100014;1633.4;1;9478401131;B
20240130;100014;1633.2;14;9478401294;S
20240130;100014;1633.4;1;9478401378;B
20240130;100014;1633.4;1;9478401465;B
20240130;100015;1633.4;1;9478401545;B
20240130;100015;1633.4;1;9478401553;B
20240130;100015;1633.4;1;9478401600;B
20240130;100015;1633.4;1;9478401740;B
20240130;100015;1633.4;1;9478401815;B
20240130;100015;1633.4;1;9478401845;B
20240130;100015;1633.4;35;9478401922;B
20240130;100015;1633.4;62;9478401923;B
20240130;100015;1633.4;1;9478401924;B
20240130;100015;1633.6;1;9478401925;B
20240130;100015;1633.2;79;9478401928;S
20240130;100015;1633.2;1;9478401929;S
20240130;100015;1632;48;9478401930;S
20240130;100015;1632;10;9478401931;S
20240130;100015;1632;1;9478401932;S
20240130;100015;1632;57;9478401933;S
20240130;100015;1632;3;9478401934;S
20240130;100016;1633.4;14;9478402018;B
20240130;100016;1632.2;10;9478402059;S
20240130;100016;1632;2;9478402060;S
20240130;100016;1632;38;9478402061;S
20240130;100016;1632;56;9478402139;S
20240130;100017;1633.4;48;9478402293;B
20240130;100017;1633.4;10;9478402294;B
20240130;100017;1632;6;9478402538;S
20240130;100017;1632;10;9478402539;S
20240130;100017;1632;1;9478402540;S
20240130;100017;1631.8;962;9478402541;S
20240130;100017;1631.8;20;9478402542;S
20240130;100017;1631.8;1;9478402543;S
20240130;100017;1633.4;222;9478402595;B
20240130;100017;1633.4;62;9478402596;B
20240130;100017;1633.4;29;9478402597;B
20240130;100017;1633.4;134;9478402598;B
20240130;100018;1633.4;1;9478402647;B
20240130;100018;1632;63;9478402844;S
20240130;100018;1633.2;1;9478402867;B
20240130;100018;1632;10;9478402907;S
20240130;100019;1633.2;40;9478403015;B
20240130;100019;1632;6;9478403110;S
20240130;100020;1633.2;10;9478403263;B
20240130;100021;1632.8;10;9478403663;B
20240130;100021;1633.2;12;9478403664;B
20240130;100021;1633.2;46;9478403665;B
20240130;100021;1632.8;5;9478403844;B
20240130;100021;1633.2;14;9478403845;B
20240130;100021;1632;119;9478404038;S
20240130;100021;1632;50;9478404039;S
20240130;100021;1632;222;9478404040;S
20240130;100021;1631.8;209;9478404041;S
20240130;100021;1631.8;1;9478404069;S
20240130;100022;1632.8;1;9478404180;B
20240130;100023;1632.6;10;9478404350;S
20240130;100023;1632.2;10;9478404351;S
20240130;100023;1631.8;134;9478404352;S
20240130;100023;1632.8;53;9478404434;B
20240130;100023;1632.8;222;9478404435;B
20240130;100023;1633;10;9478404436;B
20240130;100023;1633;13;9478404437;B
20240130;100023;1633;100;9478404438;B
20240130;100023;1633;12;9478404439;B
20240130;100023;1633.2;4;9478404440;B
20240130;100023;1633.2;222;9478404441;B
20240130;100023;1633.4;1;9478404442;B
20240130;100023;1633.4;110;9478404443;B
20240130;100023;1633.4;166;9478404444;B
20240130;100023;1632;222;9478404557;S
20240130;100023;1631.8;212;9478404558;S
20240130;100023;1631.8;166;9478404559;S
20240130;100023;1631.8;56;9478404563;S
20240130;100023;1631.8;1761;9478404564;S
20240130;100023;1631.8;183;9478404565;S
20240130;100023;1631.8;100;9478404585;S
20240130;100024;1631.8;4217;9478404674;S
20240130;100024;1631.6;500;9478404675;S
20240130;100024;1631.6;6;9478404676;S
20240130;100024;1631.6;930;9478404677;S
20240130;100024;1631.4;30;9478404678;S
20240130;100024;1631.4;10;9478404679;S
20240130;100024;1631.2;100;9478404680;S
20240130;100024;1631.2;200;9478404681;S
20240130;100024;1631.2;3;9478404682;S
20240130;100024;1631.2;3;9478404683;S
20240130;100024;1631.2;16;9478404684;S
20240130;100024;1631.2;10;9478404685;S
20240130;100024;1631.2;178;9478404686;S
20240130;100024;1631.2;398;9478404687;S
20240130;100024;1631.2;183;9478404688;S
20240130;100024;1631;2;9478404689;S
20240130;100024;1631;100;9478404690;S
20240130;100024;1631;3;9478404691;S
20240130;100024;1631;3;9478404692;S
20240130;100024;1631;5;9478404693;S
20240130;100024;1631;100;9478404694;S
20240130;100024;1631;100;9478404695;S
20240130;100024;1631;403;9478404696;S
20240130;100024;1633;1;9478404770;B
20240130;100024;1631.2;1;9478404805;S
20240130;100024;1631;99;9478404806;S
20240130;100025;1632.8;1;9478404808;B
20240130;100025;1632;2;9478404872;B
20240130;100026;1631.2;3;9478404999;S
20240130;100026;1632;2;9478405008;B
20240130;100026;1632;46;9478405097;B
20240130;100026;1632.6;3;9478405098;B
20240130;100026;1632.8;195;9478405099;B
20240130;100028;1632.8;2;9478405330;B
20240130;100028;1632.8;25;9478405440;B
20240130;100028;1632.8;1;9478405441;B
20240130;100028;1633;10;9478405442;B
20240130;100028;1633;30;9478405443;B
20240130;100028;1633;47;9478405444;B
20240130;100028;1633.2;222;9478405445;B
20240130;100028;1633.4;100;9478405446;B
20240130;100028;1633.6;199;9478405447;B
20240130;100028;1633.6;216;9478405448;B
20240130;100029;1632.8;64;9478405483;B
20240130;100029;1633.6;6;9478405484;B
20240130;100029;1633;1;9478405659;S
20240130;100029;1632;1;9478405660;S
20240130;100029;1631.4;222;9478405661;S
20240130;100029;1631.4;222;9478405662;S
20240130;100029;1631.2;100;9478405663;S
20240130;100029;1631.2;50;9478405664;S
20240130;100029;1631.2;183;9478405665;S
20240130;100029;1631;198;9478405666;S
20240130;100029;1631;95;9478405667;S
20240130;100031;1631.6;1;9478406008;S
20240130;100031;1632.8;1;9478406013;B
20240130;100031;1632.8;107;9478406227;B
20240130;100032;1632.2;20;9478406256;S
20240130;100032;1631.6;10;9478406257;S
20240130;100032;1631.2;1;9478406258;S
20240130;100032;1631.2;62;9478406259;S
20240130;100032;1631;155;9478406260;S
20240130;100032;1631;16;9478406261;S
20240130;100033;1632.2;20;9478406494;B
20240130;100037;1631.2;1;9478407446;S
20240130;100038;1631.2;1;9478407563;S
20240130;100039;1631.2;1;9478407770;S
20240130;100039;1632;20;9478407820;B
20240130;100039;1632;42;9478407853;B
20240130;100039;1632.2;30;9478407854;B
20240130;100039;1632.2;10;9478407855;B
20240130;100039;1632.2;18;9478407856;B
20240130;100039;1631.4;1;9478407978;S
20240130;100040;1632.2;3;9478408028;B
20240130;100040;1631.2;1;9478408088;S
20240130;100041;1631.4;1;9478408215;B
20240130;100041;1632.2;25;9478408300;B
20240130;100041;1632.2;18;9478408346;B
20240130;100041;1632.4;42;9478408347;B
20240130;100042;1631.2;1;9478408496;S
20240130;100042;1632.4;6;9478408503;B
20240130;100042;1631.4;1;9478408548;B
20240130;100043;1632.4;1;9478408597;B
20240130;100043;1632.4;1;9478408621;B
20240130;100043;1631.2;1;9478408753;S
20240130;100043;1631.2;5;9478408754;S
20240130;100043;1631.2;24;9478408755;S
20240130;100043;1631.2;3;9478408798;S
20240130;100044;1631.2;10;9478409004;S
20240130;100045;1631.2;1;9478409209;S
20240130;100045;1631.2;3;9478409230;S
20240130;100045;1631.2;9;9478409258;S
20240130;100045;1631.2;10;9478409259;S
20240130;100045;1631.2;4;9478409260;S
20240130;100045;1632.4;100;9478409297;B
20240130;100047;1632.6;2;9478409708;B
20240130;100048;1632;1;9478409995;S
20240130;100048;1631.2;9;9478409996;S
20240130;100049;1632.6;1;9478410010;B
20240130;100049;1632.6;50;9478410068;B
20240130;100049;1632.2;4;9478410107;S
20240130;100049;1631.4;6;9478410108;S
20240130;100050;1632.6;11;9478410229;B
20240130;100050;1632.8;189;9478410230;B
20240130;100051;1632.8;33;9478410350;B
20240130;100051;1632.8;122;9478410351;B
20240130;100051;1633;45;9478410352;B
20240130;100052;1632.2;1;9478410650;S
20240130;100053;1632.6;50;9478411456;S
20240130;100053;1632.6;22;9478411848;S
20240130;100053;1633;1;9478412007;B
20240130;100054;1633;20;9478412123;B
20240130;100055;1632.4;1;9478412555;S
20240130;100055;1632.4;1;9478412590;S
20240130;100056;1633;34;9478412696;B
20240130;100056;1633;1;9478412697;B
20240130;100056;1633;50;9478412698;B
20240130;100056;1633.2;1;9478412699;B
20240130;100056;1633.4;30;9478412700;B
20240130;100056;1633.4;183;9478412701;B
20240130;100056;1633.8;6;9478412702;B
20240130;100058;1632.8;7;9478413242;S
20240130;100058;1632.4;3;9478413243;S
20240130;100058;1632.2;62;9478413244;S
20240130;100058;1632.2;62;9478413245;S
20240130;100058;1632.2;16;9478413246;S
20240130;100058;1633.6;183;9478413306;B
20240130;100058;1633.6;16;9478413307;B
20240130;100058;1633.8;174;9478413308;B
20240130;100058;1633.8;1;9478413309;B
20240130;100058;1633.8;40;9478413310;B
20240130;100058;1633.8;1;9478413311;S
20240130;100059;1633.8;1;9478413325;S
20240130;100059;1634;2;9478413496;B
20240130;100059;1633.8;2;9478413501;S
20240130;100100;1634;634;9478413594;B
20240130;100100;1634;300;9478413631;B
20240130;100100;1634;3;9478413632;B
20240130;100100;1634;5;9478413633;B
20240130;100100;1634;22;9478413634;B
20240130;100100;1634;40;9478413635;B
20240130;100100;1634;230;9478413636;B
20240130;100101;1633.8;50;9478413794;S
20240130;100101;1633.8;2;9478413813;S
20240130;100101;1633.8;44;9478413827;S
20240130;100101;1633.8;100;9478413965;S
20240130;100102;1634;3;9478414014;B
20240130;100102;1633.8;53;9478414033;S
20240130;100103;1634;2;9478414254;B
20240130;100103;1633.8;2;9478414266;S
20240130;100103;1633.8;28;9478414343;S
20240130;100103;1633.8;6;9478414376;S
20240130;100103;1634;2;9478414412;B
20240130;100103;1633.8;6;9478414418;S
20240130;100103;1633.8;14;9478414446;S
20240130;100103;1633.8;3;9478414488;S
20240130;100104;1634;50;9478414523;B
20240130;100104;1633.8;100;9478414545;S
20240130;100104;1634;3;9478414558;B
20240130;100104;1633.8;15;9478414617;S
20240130;100104;1634;1;9478414632;B
20240130;100104;1634;30;9478414714;B
20240130;100105;1633.8;3;9478414827;S
20240130;100105;1633.8;43;9478414834;S
20240130;100106;1633.8;2;9478415003;S
20240130;100106;1633.8;15;9478415073;S
20240130;100106;1633.8;6;9478415108;S
20240130;100107;1634;100;9478415220;B
20240130;100107;1634;9;9478415241;B
20240130;100107;1634;1;9478415242;B
20240130;100108;1634;7;9478415258;B
20240130;100108;1634;3;9478415259;B
20240130;100108;1634;14;9478415260;B
20240130;100108;1633.8;64;9478415267;S
20240130;100108;1633.8;14;9478415270;S
20240130;100108;1633.8;12;9478415272;S
20240130;100108;1633.8;78;9478415273;S
20240130;100108;1633.8;10;9478415274;S
20240130;100108;1633.8;4;9478415275;S
20240130;100108;1633.8;96;9478415276;S
20240130;100108;1634;42;9478415306;B
20240130;100108;1634;58;9478415307;B
20240130;100108;1633.8;41;9478415339;S
20240130;100108;1633.8;3;9478415387;S
20240130;100108;1633.8;4;9478415443;S
20240130;100109;1633.8;4;9478415488;S
20240130;100109;1633.4;1;9478415489;S
20240130;100110;1633.2;14;9478415617;S
20240130;100110;1633.6;11;9478415708;B
20240130;100110;1633.6;54;9478415709;B
20240130;100110;1633.2;1;9478415715;S
20240130;100111;1633.2;14;9478415769;S
20240130;100111;1633.4;8;9478415798;B
20240130;100111;1633.4;10;9478415816;B
20240130;100111;1633.4;1;9478415849;B
20240130;100111;1633.4;27;9478415969;B
20240130;100112;1633.4;12;9478416277;B
20240130;100112;1633.4;32;9478416278;B
20240130;100112;1633.4;1;9478416279;B
20240130;100112;1633.4;105;9478416280;B
20240130;100113;1633.2;1;9478416310;S
20240130;100114;1633.2;3;9478416478;S
20240130;100114;1633.2;2;9478416512;S
20240130;100114;1633.2;5;9478416515;S
20240130;100114;1633.4;78;9478416551;B
20240130;100114;1633.4;200;9478416552;B
20240130;100114;1633.6;500;9478416553;B
20240130;100114;1633.6;32;9478416554;B
20240130;100114;1633.6;500;9478416555;B
20240130;100114;1633.8;1;9478416556;B
20240130;100114;1633.8;5;9478416557;B
20240130;100114;1634;144;9478416558;B
20240130;100114;1634;1;9478416559;B
20240130;100114;1634;20;9478416560;B
20240130;100114;1634;5;9478416561;B
20240130;100114;1634;2;9478416562;B
20240130;100114;1634;500;9478416563;B
20240130;100116;1634;100;9478416860;S
20240130;100117;1634.2;3;9478417204;B
20240130;100118;1634.2;4;9478417355;B
20240130;100119;1634.2;1;9478417565;B
20240130;100119;1634.2;39;9478417566;B
20240130;100120;1634;65;9478417847;S
20240130;100121;1634.2;11;9478417950;B
20240130;100121;1634.2;30;9478418229;B
20240130;100122;1634.2;5;9478418356;B
20240130;100122;1634;200;9478418409;S
20240130;100122;1634;1;9478418414;S
20240130;100123;1634;5;9478418491;S
20240130;100123;1634;4;9478418562;S
20240130;100123;1634;19;9478418672;S
20240130;100123;1634;191;9478418707;S
20240130;100123;1634;9;9478418708;S
20240130;100124;1634.2;10;9478418741;B
20240130;100125;1634;5;9478418886;S
20240130;100125;1634;300;9478418901;S
20240130;100125;1634;100;9478418925;S
20240130;100126;1634;2;9478419097;S
20240130;100127;1634;20;9478419252;S
20240130;100127;1634;80;9478419253;S
20240130;100128;1634;8;9478419260;S
20240130;100128;1634;112;9478419328;S
20240130;100128;1634;28;9478419329;S
20240130;100128;1634.2;10;9478419357;B
20240130;100128;1634.2;14;9478419359;B
20240130;100130;1634;1;9478419733;S
20240130;100130;1634.2;11;9478419754;B
20240130;100131;1634;64;9478419867;S
20240130;100131;1634.2;53;9478419908;B
20240130;100131;1634.2;133;9478419909;B
20240130;100131;1634.2;31;9478419910;B
20240130;100131;1634.2;37;9478419911;B
20240130;100131;1634.2;1;9478419912;B
20240130;100131;1634.2;45;9478419913;B
20240130;100132;1634;50;9478419963;S
20240130;100132;1634;500;9478420072;S
20240130;100133;1634;50;9478420158;S
20240130;100133;1634.2;20;9478420210;B
20240130;100133;1634.2;1;9478420234;B
20240130;100134;1634.2;1;9478420400;B
20240130;100135;1634.2;20;9478420531;B
20240130;100136;1634;1;9478420568;S
20240130;100136;1634.2;1;9478420611;B
20240130;100137;1634;1;9478420767;S
20240130;100137;1634.2;1;9478420772;B
20240130;100138;1634.2;47;9478420855;B
20240130;100138;1634.2;2;9478420857;B
20240130;100138;1634.2;1;9478420873;B
20240130;100138;1634;5;9478420978;S
20240130;100139;1634.2;1;9478421037;B
20240130;100139;1634.2;1;9478421102;B
20240130;100140;1634.2;1;9478421214;B
20240130;100140;1634.2;100;9478421373;B
20240130;100141;1634.2;20;9478421439;B
20240130;100141;1634;1;9478421440;S
20240130;100141;1634.2;1;9478421646;B
20240130;100141;1634.2;12;9478421647;B
20240130;100141;1634.2;1;9478421678;B
20240130;100141;1634;45;9478421722;S
20240130;100142;1634.2;1;9478421830;B
20240130;100142;1634;190;9478421852;S
20240130;100142;1634;50;9478421853;S
20240130;100142;1634;10;9478421854;S
20240130;100143;1634;15;9478421901;S
20240130;100143;1634;14;9478421928;S
20240130;100143;1634;1;9478422041;S
20240130;100143;1634;3;9478422144;S
20240130;100143;1634;17;9478422159;S
20240130;100144;1634.2;2;9478422357;B
20240130;100145;1634;39;9478422448;S
20240130;100146;1634;400;9478422668;S
20240130;100146;1634;90;9478422673;S
20240130;100146;1634.2;1;9478422683;B
20240130;100147;1634.2;1;9478422855;B
20240130;100147;1634.2;1;9478422856;B
20240130;100147;1634.2;21;9478422857;B
20240130;100149;1634.2;4;9478423249;B
20240130;100149;1634.2;1;9478423250;B
20240130;100149;1634.2;31;9478423251;B
20240130;100149;1634.2;6;9478423252;B
20240130;100150;1634.2;2;9478423472;S
20240130;100151;1634.2;5;9478423670;S
20240130;100152;1634.2;1;9478423795;S
20240130;100153;1634.4;1;9478423935;B
20240130;100153;1634.4;17;9478423936;B
20240130;100153;1634.4;12;9478423937;B
20240130;100153;1634.2;3;9478423942;S
20240130;100153;1634.2;250;9478423991;S
20240130;100158;1634.2;38;9478424738;S
20240130;100158;1634.2;30;9478424780;S
20240130;100158;1634.2;10;9478424781;S
20240130;100158;1634.2;19;9478424799;S
20240130;100158;1634.2;1;9478424800;S
20240130;100200;1634.4;66;9478425123;B
20240130;100201;1634.4;2;9478425184;B
20240130;100202;1634.2;91;9478425290;S
20240130;100202;1634.2;11;9478425320;S
20240130;100202;1634.2;4;9478425332;S
20240130;100203;1634.2;24;9478425526;S
20240130;100203;1634.4;1;9478425648;B
20240130;100204;1634.2;169;9478425803;S
20240130;100204;1634.2;5;9478425804;S
20240130;100204;1634;76;9478425805;S
20240130;100205;1634.2;15;9478425855;B
20240130;100206;1634;5;9478426057;S
20240130;100207;1634.2;1;9478426111;B
20240130;100208;1634;50;9478426377;S
20240130;100209;1634.2;10;9478426479;B
20240130;100210;1634;16;9478426670;S
20240130;100210;1634;9;9478426794;S
20240130;100210;1634;37;9478426845;S
20240130;100211;1634.2;10;9478426881;B
20240130;100211;1634;9;9478426938;S
20240130;100211;1634;18;9478426974;S
20240130;100211;1634;18;9478427021;S
20240130;100211;1634;498;9478427094;S
20240130;100211;1634;2;9478427095;S
20240130;100212;1634;1;9478427210;S
20240130;100212;1634;1;9478427330;S
20240130;100213;1634.2;1;9478427536;B
20240130;100214;1634.2;2;9478427725;B
20240130;100214;1634;450;9478427745;S
20240130;100214;1634;50;9478427746;S
20240130;100216;1634;10;9478427949;S
20240130;100216;1634;16;9478427968;S
20240130;100217;1634.2;5;9478428170;B
20240130;100218;1634;9;9478428360;S
20240130;100219;1634;240;9478428437;S
20240130;100219;1634;22;9478428503;S
20240130;100219;1634;228;9478428504;S
20240130;100220;1634.2;7;9478428587;B
20240130;100220;1634.2;6;9478428641;B
20240130;100221;1634.2;1;9478428680;B
20240130;100221;1634.2;9;9478428727;B
20240130;100222;1634;1;9478428869;S
20240130;100222;1634;771;9478428948;S
20240130;100222;1634;847;9478428949;S
20240130;100223;1634;5;9478429126;S
20240130;100223;1634;15;9478429143;S
20240130;100225;1634.2;2;9478429456;B
20240130;100226;1634.2;2;9478429573;B
20240130;100226;1634;99;9478429734;S
20240130;100226;1634;1;9478429735;S
20240130;100227;1634.2;4;9478429809;B
20240130;100227;1634.2;8;9478429810;B
20240130;100227;1634;1;9478429813;S
20240130;100227;1634;1;9478429816;S
20240130;100228;1634;15;9478429933;S
20240130;100228;1634.2;1;9478429987;B
20240130;100230;1634;100;9478430240;S
20240130;100230;1634.2;51;9478430318;B
20240130;100230;1634.2;49;9478430319;B
20240130;100230;1634.2;51;9478430339;B
20240130;100230;1634.2;25;9478430340;B
20240130;100230;1634.2;20;9478430341;B
20240130;100231;1634.2;10;9478430444;B
20240130;100231;1634;5;9478430455;S
20240130;100231;1634.2;10;9478430545;B
20240130;100232;1634;40;9478430676;S
20240130;100233;1634;1;9478430788;S
20240130;100233;1634.2;1;9478430790;B
20240130;100233;1634;46;9478430875;S
20240130;100233;1634;46;9478430952;S
20240130;100235;1634;16;9478431252;S
20240130;100235;1634;250;9478431289;S
20240130;100236;1634;15;9478431487;S
20240130;100238;1634.2;9;9478431690;B
20240130;100238;1634.2;21;9478431691;B
20240130;100238;1634;1;9478431797;S
20240130;100239;1634;1;9478431897;S
20240130;100239;1634.2;6;9478431922;B
20240130;100240;1634;1;9478432188;S
20240130;100241;1634;58;9478432464;S
20240130;100241;1634.2;1;9478432495;B
20240130;100243;1634.2;1;9478432741;B
20240130;100243;1634;5;9478432768;S
20240130;100243;1634;56;9478432927;S
20240130;100244;1634.2;1;9478432978;B
20240130;100244;1634;10;9478433140;S
20240130;100245;1634.2;20;9478433210;B
20240130;100245;1634.2;16;9478433211;B
20240130;100245;1634.2;60;9478433212;B
20240130;100245;1634.2;60;9478433213;B
20240130;100245;1634.2;30;9478433214;B
20240130;100245;1634.2;40;9478433215;B
20240130;100245;1634.2;50;9478433216;B
20240130;100245;1634.2;90;9478433217;B
20240130;100245;1634.2;2;9478433218;B
20240130;100245;1634.2;1;9478433219;B
20240130;100245;1634.4;31;9478433220;B
20240130;100245;1634.2;13;9478433291;S
20240130;100248;1634.2;53;9478433831;S
20240130;100248;1634;47;9478433832;S
20240130;100251;1634.2;19;9478434450;B
20240130;100251;1634.2;50;9478434492;B
20240130;100252;1634;5;9478434577;S
20240130;100252;1634;1;9478434627;S
20240130;100252;1634;130;9478434704;S
20240130;100252;1634;3;9478434705;S
20240130;100252;1634;2;9478434706;S
20240130;100252;1634;15;9478434707;S
20240130;100253;1634;60;9478434866;S
20240130;100254;1634;5;9478435010;S
20240130;100255;1634.2;10;9478435262;B
20240130;100255;1634.2;60;9478435263;B
20240130;100255;1634.2;30;9478435264;B
20240130;100255;1634.2;25;9478435356;B
20240130;100256;1634.2;1;9478435420;B
20240130;100257;1634;65;9478435773;S
20240130;100258;1634.2;44;9478435897;B
20240130;100258;1634.2;3;9478435898;B
20240130;100258;1634.2;3;9478435899;B
20240130;100259;1634;998;9478436206;S
20240130;100259;1634;2;9478436207;S
20240130;100300;1634;100;9478436235;S
20240130;100300;1634.2;2;9478436494;B
20240130;100301;1634.2;1;9478436831;B
20240130;100301;1634;10;9478436860;S
20240130;100302;1634;250;9478437133;S
20240130;100303;1634.2;1;9478437452;B
20240130;100303;1634.2;12;9478437453;B
20240130;100303;1634.2;145;9478437454;B
20240130;100303;1634.2;43;9478437455;B
20240130;100304;1634.2;1;9478437810;B
20240130;100306;1634.2;16;9478438251;B
20240130;100306;1634.2;9;9478438252;B
20240130;100306;1634;160;9478438271;S
20240130;100306;1634.2;8;9478438317;B
20240130;100307;1634.2;2;9478438421;B
20240130;100307;1634;970;9478438561;S
20240130;100309;1634;2;9478438871;S
20240130;100310;1634;1;9478438992;S
20240130;100311;1634.2;41;9478439126;B
20240130;100311;1634.2;9;9478439127;B
20240130;100311;1634;1;9478439204;S
20240130;100312;1634.2;1;9478439219;B
20240130;100312;1634.2;30;9478439220;B
20240130;100312;1634.2;3;9478439221;B
20240130;100312;1634.2;1;9478439222;B
20240130;100312;1634.2;90;9478439223;B
20240130;100314;1634;10;9478439600;S
20240130;100314;1634;50;9478439635;S
20240130;100315;1634.2;175;9478439788;B
20240130;100315;1634;2;9478439812;S
20240130;100315;1634;5;9478439819;S
20240130;100316;1634;300;9478439864;S
20240130;100317;1634;8;9478439965;S
20240130;100317;1634.2;8;9478440019;B
20240130;100317;1634;60;9478440124;S
20240130;100317;1634;16;9478440140;S
20240130;100318;1634;210;9478440191;S
20240130;100318;1634;20;9478440192;S
20240130;100318;1634;20;9478440193;S
20240130;100320;1634;10;9478440535;S
20240130;100323;1634;8;9478441093;S
20240130;100323;1634;1;9478441115;S
20240130;100325;1634;1;9478441322;S
20240130;100325;1634.2;2;9478441400;B
20240130;100325;1634;1;9478441404;S
20240130;100326;1634;9;9478441884;S
20240130;100326;1634;41;9478441885;S
20240130;100327;1634.2;25;9478441942;B
20240130;100327;1634.2;1;9478441943;B
20240130;100327;1634.2;60;9478441944;B
20240130;100327;1634.2;30;9478441945;B
20240130;100327;1634.2;3;9478441946;B
20240130;100327;1634.2;16;9478441947;B
20240130;100327;1634.2;15;9478441948;B
20240130;100327;1634.2;72;9478441984;B
20240130;100327;1634.2;9;9478441985;B
20240130;100327;1634.2;20;9478441986;B
20240130;100327;1634.2;10;9478441987;B
20240130;100327;1634.4;69;9478441988;B
20240130;100327;1634.2;33;9478442182;S
20240130;100328;1634.2;1;9478442399;B
20240130;100331;1634;250;9478443417;S
20240130;100331;1634.2;1;9478443453;B
20240130;100332;1634.2;5;9478443510;B
20240130;100332;1634;7;9478443521;S
20240130;100332;1634.2;52;9478443568;B
20240130;100332;1634.2;60;9478443569;B
20240130;100332;1634.2;30;9478443570;B
20240130;100332;1634.2;60;9478443571;B
20240130;100332;1634.4;200;9478443572;B
20240130;100332;1634.4;1;9478443573;B
20240130;100332;1634.4;5;9478443574;B
20240130;100332;1634.4;650;9478443575;B
20240130;100332;1634.4;46;9478443576;B
20240130;100332;1634.4;5;9478443577;B
20240130;100332;1634.4;50;9478443578;B
20240130;100332;1634.4;10;9478443579;B
20240130;100332;1634.6;48;9478443580;B
20240130;100332;1634.6;102;9478443624;B
20240130;100332;1634.6;1;9478443625;B
20240130;100332;1634.6;500;9478443626;B
20240130;100332;1634.6;40;9478443627;B
20240130;100332;1634.6;2;9478443628;B
20240130;100332;1634.6;2;9478443629;B
20240130;100332;1634.6;50;9478443630;B
20240130;100332;1634.6;10;9478443631;B
20240130;100332;1634.6;4;9478443632;B
20240130;100332;1634.6;1;9478443633;B
20240130;100332;1634.6;50;9478443634;B
20240130;100332;1634.6;3;9478443635;B
20240130;100332;1634.6;3;9478443636;B
20240130;100332;1634.6;2;9478443637;B
20240130;100332;1634.6;20;9478443638;B
20240130;100332;1634.6;6;9478443639;B
20240130;100332;1634.6;2;9478443640;B
20240130;100332;1634.6;50;9478443641;B
20240130;100332;1634.6;50;9478443642;B
20240130;100332;1634.6;47;9478443643;B
20240130;100332;1634.6;25;9478443644;B
20240130;100332;1634.6;50;9478443645;B
20240130;100332;1634.6;2;9478443646;B
20240130;100332;1634.6;5;9478443647;B
20240130;100332;1634.8;3;9478443648;B
20240130;100332;1634.8;20;9478443649;B
20240130;100332;1634.8;40;9478443650;B
20240130;100332;1634.8;346;9478443651;B
20240130;100332;1634.8;50;9478443652;B
20240130;100332;1634.8;20;9478443653;B
20240130;100332;1634.8;300;9478443654;B
20240130;100332;1634.8;150;9478443655;B
20240130;100332;1634.8;20;9478443656;B
20240130;100332;1634.8;1;9478443657;B
20240130;100332;1634.8;30;9478443658;B
20240130;100332;1634.8;100;9478443659;B
20240130;100332;1634.8;1;9478443660;B
20240130;100332;1634.8;200;9478443661;B
20240130;100332;1635;1;9478443662;B
20240130;100332;1635;4;9478443663;B
20240130;100332;1635;1;9478443664;B
20240130;100332;1635;1;9478443665;B
20240130;100332;1635;100;9478443666;B
20240130;100332;1635;3;9478443667;B
20240130;100332;1635;10;9478443668;B
20240130;100332;1635;2;9478443669;B
20240130;100332;1635;10;9478443670;B
20240130;100332;1635;1;9478443671;B
20240130;100332;1635;2;9478443672;B
20240130;100332;1635;20;9478443673;B
20240130;100332;1635;2;9478443674;B
20240130;100332;1635;1;9478443675;B
20240130;100332;1635;7;9478443676;B
20240130;100332;1635;40;9478443677;B
20240130;100332;1635;1;9478443678;B
20240130;100332;1635;2;9478443679;B
20240130;100332;1635;50;9478443680;B
20240130;100332;1635;10;9478443681;B
20240130;100332;1635;1;9478443682;B
20240130;100332;1635;1;9478443683;B
20240130;100332;1635;10;9478443684;B
20240130;100332;1635;5;9478443685;B
20240130;100332;1635;1;9478443686;B
20240130;100332;1635;1;9478443687;B
20240130;100332;1635;1;9478443688;B
20240130;100332;1635;10;9478443689;B
20240130;100332;1635;1;9478443690;B
20240130;100332;1635;57;9478443691;B
20240130;100332;1635;11;9478443692;B
20240130;100332;1635;1;9478443693;B
20240130;100332;1635;2;9478443694;B
20240130;100332;1635;2;9478443695;B
20240130;100332;1635;6;9478443696;B
20240130;100332;1635;6;9478443697;B
20240130;100332;1635;39;9478443698;B
20240130;100332;1635;5;9478443699;B
20240130;100332;1635;25;9478443700;B
20240130;100332;1635;1;9478443701;B
20240130;100332;1635;1;9478443702;B
20240130;100332;1635;2;9478443703;B
20240130;100332;1635;1;9478443704;B
20240130;100332;1635;1;9478443705;B
20240130;100332;1635;1;9478443706;B
20240130;100332;1635;201;9478443707;B
20240130;100332;1635;99;9478443723;B
20240130;100332;1635;10;9478443724;B
20240130;100332;1635;36;9478443725;B
20240130;100332;1635;6;9478443733;B
20240130;100332;1635;89;9478443800;B
20240130;100333;1635;273;9478443808;B
20240130;100333;1634.2;17;9478443823;S
20240130;100333;1634.2;43;9478443832;B
20240130;100333;1634.8;60;9478443833;B
20240130;100333;1635;571;9478443834;B
20240130;100333;1635;650;9478443835;B
20240130;100333;1635;40;9478443836;B
20240130;100333;1635;1;9478443837;B
20240130;100333;1635;31;9478443838;B
20240130;100333;1635;1;9478443839;B
20240130;100333;1635;5;9478443840;B
20240130;100333;1635;10;9478443841;B
20240130;100333;1635;1;9478443842;B
20240130;100333;1635;1;9478443843;B
20240130;100333;1635;50;9478443844;B
20240130;100333;1635;3;9478443845;B
20240130;100333;1635;17;9478443848;B
20240130;100333;1635;3;9478443849;B
20240130;100333;1635;10;9478443850;B
20240130;100333;1635;300;9478443851;B
20240130;100333;1635;1;9478443852;B
20240130;100333;1635;100;9478443853;B
20240130;100333;1635;10;9478443854;B
20240130;100333;1635;20;9478443855;B
20240130;100333;1635;1;9478443856;B
20240130;100333;1635;1;9478443857;B
20240130;100333;1635;46;9478443858;B
20240130;100333;1635.2;19;9478443859;B
20240130;100333;1635.2;159;9478443865;B
20240130;100333;1635.2;1;9478443866;B
20240130;100333;1635.2;1;9478443867;B
20240130;100333;1635.2;1;9478443868;B
20240130;100333;1635.2;7;9478443869;B
20240130;100333;1634.4;18;9478443872;S
20240130;100333;1635.2;25;9478443884;B
20240130;100333;1635.2;18;9478443887;B
20240130;100333;1635.4;1;9478443888;B
20240130;100333;1635.4;1;9478443889;B
20240130;100333;1635.4;5;9478443892;B
20240130;100333;1635.4;1;9478443893;B
20240130;100333;1635.6;1;9478443894;B
20240130;100333;1635.6;60;9478443895;B
20240130;100333;1635.6;1;9478443896;B
20240130;100333;1635.6;100;9478443897;B
20240130;100333;1635.8;1;9478443898;B
20240130;100333;1635.8;26;9478443899;B
20240130;100333;1635.8;500;9478443900;B
20240130;100333;1635.8;100;9478443903;B
20240130;100333;1635;414;9478443910;B
20240130;100333;1635;380;9478443915;B
20240130;100333;1635;5;9478443916;B
20240130;100333;1635;115;9478443944;B
20240130;100333;1634.2;5;9478443946;S
20240130;100333;1635;50;9478443950;B
20240130;100333;1635;10;9478443976;B
20240130;100333;1635;61;9478443992;B
20240130;100333;1635;115;9478443993;B
20240130;100333;1635;60;9478443994;B
20240130;100333;1635;10;9478443995;B
20240130;100333;1635;9;9478443996;B
20240130;100333;1635.2;30;9478443997;B
20240130;100333;1635.6;376;9478443998;B
20240130;100334;1635.6;124;9478444035;B
20240130;100334;1635.8;135;9478444036;B
20240130;100334;1635.8;24;9478444037;B
20240130;100334;1635.8;1;9478444038;B
20240130;100334;1635.8;20;9478444039;B
20240130;100334;1635.8;3;9478444040;B
20240130;100334;1635.8;29;9478444051;B
20240130;100334;1635.8;151;9478444070;B
20240130;100334;1635.8;46;9478444071;B
20240130;100334;1635.8;2;9478444072;B
20240130;100334;1636;1;9478444073;B
20240130;100334;1636;1;9478444074;B
20240130;100334;1636;1;9478444075;B
20240130;100334;1636;16;9478444076;B
20240130;100334;1636;3;9478444077;B
20240130;100334;1636;1;9478444078;B
20240130;100334;1636;212;9478444079;B
20240130;100334;1635.6;25;9478444081;S
20240130;100334;1634.4;30;9478444082;S
20240130;100334;1634.4;22;9478444083;S
20240130;100334;1634.4;23;9478444084;S
20240130;100334;1635.2;100;9478444131;B
20240130;100334;1635.4;22;9478444132;B
20240130;100334;1635.4;30;9478444133;B
20240130;100334;1636;70;9478444175;B
20240130;100334;1636;1;9478444176;B
20240130;100334;1635.6;2;9478444248;S
20240130;100334;1636;300;9478444291;B
20240130;100334;1635.6;10;9478444300;S
20240130;100335;1636;10;9478444358;B
20240130;100335;1635.6;3;9478444360;S
20240130;100335;1636;10;9478444426;B
20240130;100335;1636;1089;9478444503;B
20240130;100335;1636;10;9478444504;B
20240130;100335;1636;100;9478444505;B
20240130;100335;1636;20;9478444506;B
20240130;100335;1636;47;9478444507;B
20240130;100335;1636;4;9478444508;B
20240130;100335;1636;2;9478444509;B
20240130;100335;1636.2;12;9478444510;B
20240130;100335;1636.2;1;9478444511;B
20240130;100335;1636.2;30;9478444512;B
20240130;100335;1636.4;1;9478444513;B
20240130;100335;1636.4;1;9478444514;B
20240130;100335;1636.4;24;9478444515;B
20240130;100335;1636.6;1;9478444516;B
20240130;100335;1636.6;6;9478444517;B
20240130;100335;1636.6;33;9478444518;B
20240130;100335;1636.6;50;9478444519;B
20240130;100335;1636.8;1;9478444520;B
20240130;100335;1636.8;3;9478444521;B
20240130;100335;1636.8;2;9478444522;B
20240130;100335;1636.8;10;9478444523;B
20240130;100335;1636.8;2;9478444524;B
20240130;100335;1636.8;183;9478444525;B
20240130;100335;1637;1;9478444526;B
20240130;100335;1637;1;9478444527;B
20240130;100335;1637;10;9478444528;B
20240130;100335;1637;1;9478444529;B
20240130;100335;1637;1;9478444530;B
20240130;100335;1637;1;9478444531;B
20240130;100335;1637;1;9478444532;B
20240130;100335;1637;435;9478444533;B
20240130;100335;1637;1;9478444534;B
20240130;100335;1637;50;9478444535;B
20240130;100335;1637;3;9478444536;B
20240130;100335;1637;4;9478444537;B
20240130;100335;1637;1;9478444538;B
20240130;100335;1637;110;9478444539;B
20240130;100335;1637;60;9478444540;B
20240130;100335;1637.2;1;9478444541;B
20240130;100335;1637.2;7;9478444542;B
20240130;100335;1637.4;1;9478444543;B
20240130;100335;1637.4;50;9478444544;B
20240130;100335;1637.4;2;9478444545;B
20240130;100335;1637.4;429;9478444546;B
20240130;100335;1637.6;1;9478444547;B
20240130;100335;1637.6;1;9478444548;B
20240130;100335;1637.8;15;9478444549;B
20240130;100335;1637.8;1;9478444550;B
20240130;100335;1637.8;150;9478444551;B
20240130;100335;1637.6;5;9478444582;B
20240130;100335;1637;10;9478444592;B
20240130;100335;1637.6;35;9478444593;B
20240130;100335;1636.2;2;9478444596;S
20240130;100335;1636.2;20;9478444597;S
20240130;100335;1635.8;29;9478444598;S
20240130;100335;1635.8;38;9478444599;S
20240130;100335;1637.4;2;9478444600;B
20240130;100335;1637.4;8;9478444601;B
20240130;100335;1636.2;100;9478444602;S
20240130;100335;1636.2;63;9478444603;S
20240130;100335;1636.2;37;9478444604;B
20240130;100335;1637;2;9478444610;B
20240130;100335;1637;2;9478444611;B
20240130;100335;1637.2;20;9478444612;B
20240130;100335;1637.4;26;9478444613;B
20240130;100335;1636;16;9478444623;S
20240130;100335;1636;6;9478444631;S
20240130;100335;1635.8;8;9478444632;S
20240130;100335;1635.8;2;9478444633;S
20240130;100335;1636.8;100;9478444634;S
20240130;100335;1636.4;30;9478444635;S
20240130;100335;1636.4;70;9478444658;B
20240130;100335;1636.6;30;9478444659;B
20240130;100335;1636.8;20;9478444660;B
20240130;100336;1637.2;2;9478444709;B
20240130;100336;1637.2;2;9478444710;B
20240130;100336;1637.4;23;9478444772;B
20240130;100336;1637.6;77;9478444773;B
20240130;100336;1637;44;9478444775;S
20240130;100336;1637.6;20;9478444789;B
20240130;100336;1637;6;9478444796;S
20240130;100336;1636.6;5;9478444797;S
20240130;100336;1636.6;45;9478444798;S
20240130;100336;1636;22;9478444799;S
20240130;100336;1635.8;26;9478444800;S
20240130;100336;1635.8;61;9478444801;S
20240130;100336;1635.8;10;9478444802;S
20240130;100336;1635.8;2;9478444803;S
20240130;100336;1635.8;10;9478444804;S
20240130;100336;1635.8;6;9478444805;S
20240130;100336;1635.8;1;9478444806;S
20240130;100336;1635.8;3;9478444807;S
20240130;100336;1635.8;1;9478444808;S
20240130;100336;1636.8;22;9478444817;B
20240130;100336;1637;54;9478444818;B
20240130;100336;1637;1;9478444819;B
20240130;100336;1637;1;9478444820;B
20240130;100336;1637;5;9478444821;B
20240130;100336;1637;3;9478444822;B
20240130;100336;1637.2;14;9478444823;B
20240130;100336;1636.6;100;9478444842;B
20240130;100336;1636.4;5;9478444860;B
20240130;100337;1636.4;7;9478444933;B
20240130;100337;1636.4;60;9478444934;B
20240130;100337;1636.6;133;9478444935;B
20240130;100337;1636.6;77;9478444988;B
20240130;100337;1636.6;3;9478444996;B
20240130;100338;1636.6;1;9478445142;B
20240130;100339;1636.6;100;9478445173;B
20240130;100339;1636.6;86;9478445182;B
20240130;100339;1636.6;10;9478445183;B
20240130;100339;1636.6;1;9478445184;B
20240130;100339;1636.6;1;9478445185;B
20240130;100339;1636.6;29;9478445186;B
20240130;100339;1636.6;1;9478445187;B
20240130;100339;1636.8;20;9478445188;B
20240130;100339;1637;15;9478445189;B
20240130;100339;1637;2;9478445190;B
20240130;100339;1637;16;9478445191;B
20240130;100339;1637;42;9478445192;B
20240130;100339;1637;53;9478445193;B
20240130;100339;1637;1;9478445194;B
20240130;100339;1637;1;9478445195;B
20240130;100339;1637;5;9478445196;B
20240130;100339;1637;3;9478445197;B
20240130;100339;1637;55;9478445198;B
20240130;100339;1637;37;9478445199;B
20240130;100339;1637;3;9478445200;B
20240130;100339;1637;10;9478445201;B
20240130;100339;1637;1;9478445202;B
20240130;100339;1637;8;9478445203;B
20240130;100339;1637;14;9478445204;B
20240130;100339;1637;1;9478445205;B
20240130;100339;1637;12;9478445206;B
20240130;100339;1637;1;9478445207;B
20240130;100339;1637;5;9478445208;B
20240130;100339;1637;1;9478445209;B
20240130;100339;1637.2;1;9478445210;B
20240130;100339;1637.2;17;9478445211;B
20240130;100339;1637.2;5;9478445212;B
20240130;100339;1637.2;3;9478445213;B
20240130;100339;1637.4;7;9478445214;B
20240130;100339;1637.4;146;9478445215;B
20240130;100339;1637.6;100;9478445218;B
20240130;100339;1637.6;24;9478445219;B
20240130;100339;1637;1;9478445306;S
20240130;100339;1637.6;65;9478445315;B
20240130;100339;1637.6;1;9478445316;B
20240130;100339;1637.8;150;9478445317;B
20240130;100339;1638;1;9478445318;B
20240130;100339;1638;1;9478445319;B
20240130;100339;1638;20;9478445320;B
20240130;100339;1638;20;9478445321;B
20240130;100339;1638;1;9478445322;B
20240130;100339;1638;50;9478445323;B
20240130;100339;1638;5;9478445324;B
20240130;100339;1638;50;9478445325;B
20240130;100339;1638;3;9478445326;B
20240130;100339;1638;5;9478445327;B
20240130;100339;1638;121;9478445328;B
20240130;100339;1638;20;9478445329;B
20240130;100340;1637;1;9478445363;S
20240130;100340;1637;6;9478445370;S
20240130;100340;1638;59;9478445384;B
20240130;100340;1638;2;9478445385;B
20240130;100340;1637;1;9478445412;S
20240130;100340;1637.6;1;9478445431;S
20240130;100341;1637.6;1;9478445492;S
20240130;100341;1638;7;9478445495;B
20240130;100341;1638;5;9478445496;B
20240130;100341;1638;169;9478445497;B
20240130;100341;1638;21;9478445498;B
20240130;100341;1638;2;9478445499;B
20240130;100341;1638;29;9478445500;B
20240130;100341;1638.2;10;9478445501;B
20240130;100341;1638.2;1;9478445502;B
20240130;100341;1638.2;1;9478445503;B
20240130;100341;1638.2;755;9478445504;B
20240130;100341;1638.2;34;9478445505;B
20240130;100341;1638.2;1;9478445506;B
20240130;100341;1638.2;33;9478445507;B
20240130;100341;1637.6;1;9478445544;S
20240130;100341;1638;1;9478445571;B
20240130;100341;1638;1;9478445572;B
20240130;100341;1638.4;1;9478445573;B
20240130;100341;1638.4;3;9478445574;B
20240130;100341;1638.4;2;9478445575;B
20240130;100341;1638.4;1;9478445576;B
20240130;100341;1638.6;1;9478445577;B
20240130;100341;1638.6;5;9478445578;B
20240130;100341;1638.6;1;9478445579;B
20240130;100341;1638.6;4;9478445580;B
20240130;100341;1638.8;3;9478445581;B
20240130;100341;1638.8;1;9478445582;B
20240130;100341;1638.8;2;9478445583;B
20240130;100341;1638.8;74;9478445584;B
20240130;100341;1638.2;3;9478445612;S
20240130;100342;1638.2;1;9478445623;S
20240130;100342;1638.4;1;9478445635;B
20240130;100342;1638.4;4;9478445636;B
20240130;100342;1638.8;45;9478445637;B
20240130;100342;1638.8;2;9478445638;B
20240130;100342;1638.8;20;9478445673;B
20240130;100342;1638;1;9478445775;S
20240130;100343;1638;1;9478445828;S
20240130;100343;1638;1;9478445873;S
20240130;100343;1638.4;1;9478445889;B
20240130;100343;1638.4;2;9478445917;B
20240130;100343;1638.4;28;9478445918;B
20240130;100343;1638.4;3;9478445919;B
20240130;100344;1638;119;9478445986;S
20240130;100344;1637.8;22;9478445987;S
20240130;100344;1637.8;28;9478445988;S
20240130;100344;1637.8;13;9478446060;B
20240130;100344;1638.4;61;9478446061;B
20240130;100344;1638.4;22;9478446062;B
20240130;100344;1638.4;115;9478446063;B
20240130;100344;1638.6;10;9478446064;B
20240130;100344;1638.6;109;9478446065;B
20240130;100344;1638.4;2;9478446067;B
20240130;100344;1638.6;29;9478446068;B
20240130;100344;1638.6;200;9478446083;B
20240130;100345;1638.4;30;9478446146;B
20240130;100345;1638.4;20;9478446147;B
20240130;100345;1638.6;50;9478446148;B
20240130;100345;1638.6;12;9478446150;B
20240130;100345;1638.6;54;9478446198;B
20240130;100345;1638.6;46;9478446229;B
20240130;100345;1638.6;5;9478446230;B
20240130;100345;1638.8;10;9478446231;B
20240130;100346;1638.8;80;9478446483;B
20240130;100346;1639;200;9478446484;B
20240130;100346;1639;1;9478446485;B
20240130;100346;1639;211;9478446486;B
20240130;100347;1639;6;9478446508;B
20240130;100347;1639;213;9478446525;B
20240130;100347;1639;10;9478446526;B
20240130;100347;1639;5;9478446527;B
20240130;100347;1639;1;9478446528;B
20240130;100347;1639;1;9478446529;B
20240130;100347;1639;1;9478446530;B
20240130;100347;1639;1;9478446531;B
20240130;100347;1639.2;1;9478446532;B
20240130;100347;1639.2;67;9478446533;B
20240130;100347;1638;1;9478446634;S
20240130;100347;1638;5;9478446675;S
20240130;100347;1638;1;9478446676;S
20240130;100347;1637.8;4;9478446711;S
20240130;100347;1637.8;10;9478446712;S
20240130;100347;1637.8;27;9478446713;S
20240130;100347;1637.6;1;9478446714;S
20240130;100347;1637.6;50;9478446715;S
20240130;100347;1637.6;108;9478446716;S
20240130;100347;1637.6;2;9478446736;S
20240130;100347;1638;4;9478446756;B
20240130;100347;1638.6;6;9478446757;B
20240130;100348;1638.6;5;9478446794;B
20240130;100348;1638.6;6;9478446795;B
20240130;100348;1638.8;29;9478446796;B
20240130;100348;1638.8;32;9478446805;B
20240130;100348;1639;20;9478446806;B
20240130;100348;1639;1;9478446807;B
20240130;100348;1639;3;9478446808;B
20240130;100348;1639;1;9478446809;B
20240130;100348;1639;1;9478446810;B
20240130;100348;1639;11;9478446811;B
20240130;100348;1639.2;31;9478446812;B
20240130;100348;1639;1;9478446852;B
20240130;100348;1639;50;9478446891;B
20240130;100348;1639.2;79;9478446892;B
20240130;100348;1639.2;27;9478446893;B
20240130;100348;1639.4;15;9478446894;B
20240130;100348;1639.4;12;9478446895;B
20240130;100348;1639.4;1;9478446896;B
20240130;100348;1639.4;100;9478446897;B
20240130;100348;1639.4;50;9478446898;B
20240130;100348;1639.4;66;9478446899;B
20240130;100348;1638;2;9478446973;S
20240130;100348;1637.8;22;9478446974;S
20240130;100348;1637.8;20;9478446975;S
20240130;100348;1637.8;4;9478446976;S
20240130;100348;1637.8;66;9478446977;B
20240130;100348;1639.2;22;9478447030;B
20240130;100348;1639.4;55;9478447031;B
20240130;100349;1638.4;10;9478447044;S
20240130;100349;1639.4;10;9478447055;B
20240130;100349;1638.4;5;9478447092;S
20240130;100349;1638;22;9478447093;S
20240130;100349;1637.8;3;9478447094;S
20240130;100349;1639.2;3;9478447148;B
20240130;100349;1639.2;22;9478447149;B
20240130;100349;1639.4;3;9478447150;B
20240130;100349;1639.4;2;9478447151;B
20240130;100349;1639.4;20;9478447152;B
20240130;100349;1639.4;50;9478447155;B
20240130;100349;1639.4;1;9478447156;B
20240130;100349;1639.4;5;9478447157;B
20240130;100349;1639.6;1;9478447158;B
20240130;100349;1639.6;100;9478447159;B
20240130;100349;1639.6;1;9478447160;B
20240130;100349;1639.6;1;9478447161;B
20240130;100349;1639.6;5;9478447162;B
20240130;100349;1639.6;1;9478447163;B
20240130;100349;1639.6;5;9478447164;B
20240130;100349;1639.6;10;9478447165;B
20240130;100349;1639.6;100;9478447212;B
20240130;100350;1639.6;100;9478447231;B
20240130;100350;1639.4;64;9478447273;B
20240130;100350;1639.6;224;9478447274;B
20240130;100350;1639.8;1;9478447275;B
20240130;100350;1639.8;1;9478447276;B
20240130;100350;1639.8;100;9478447277;B
20240130;100350;1639.8;3;9478447278;B
20240130;100350;1639.8;1;9478447279;B
20240130;100350;1639.8;7;9478447280;B
20240130;100350;1639.8;3;9478447281;B
20240130;100350;1639.8;12;9478447282;B
20240130;100350;1639.8;40;9478447283;B
20240130;100350;1639.8;183;9478447284;B
20240130;100350;1639.8;361;9478447285;B
20240130;100350;1639.8;50;9478447294;B
20240130;100350;1639;20;9478447308;B
20240130;100350;1639.8;19;9478447309;B
20240130;100350;1638.8;50;9478447323;S
20240130;100350;1638.6;22;9478447324;S
20240130;100350;1638.2;20;9478447325;S
20240130;100350;1638;10;9478447326;S
20240130;100350;1638;42;9478447327;S
20240130;100350;1638.8;1;9478447338;B
20240130;100350;1639;32;9478447339;B
20240130;100350;1639;22;9478447340;B
20240130;100350;1639.2;45;9478447341;B
20240130;100350;1639.2;10;9478447348;B
20240130;100350;1639.2;135;9478447354;B
20240130;100351;1639.4;11;9478447367;B
20240130;100351;1639.6;19;9478447368;B
20240130;100351;1639.6;5;9478447412;B
20240130;100351;1639.2;10;9478447476;S
20240130;100352;1639.4;5;9478447709;B
20240130;100352;1639.6;25;9478447710;B
20240130;100352;1639.2;50;9478447714;S
20240130;100352;1639.2;50;9478447715;S
20240130;100352;1639.2;361;9478447757;S
20240130;100353;1639.2;19;9478447807;B
20240130;100353;1639.4;1;9478447808;B
20240130;100353;1639.6;180;9478447809;B
20240130;100353;1639.6;7;9478447880;B
20240130;100353;1639.6;100;9478447893;B
20240130;100353;1639.2;5;9478447906;S
20240130;100353;1639.2;8;9478447959;S
20240130;100354;1639.6;20;9478447976;B
20240130;100354;1639.2;1;9478448039;S
20240130;100354;1639.2;1;9478448074;S
20240130;100355;1639.2;1;9478448157;S
20240130;100355;1639.4;1;9478448260;B
20240130;100356;1639.2;195;9478448393;S
20240130;100356;1639.2;1;9478448394;S
20240130;100356;1639.2;159;9478448432;S
20240130;100356;1639.2;250;9478448505;S
20240130;100357;1639.2;3;9478448530;S
20240130;100357;1639.4;187;9478448581;B
20240130;100357;1639.2;1;9478448588;S
20240130;100357;1639.4;62;9478448596;B
20240130;100357;1639.4;9;9478448597;B
20240130;100357;1639.4;1;9478448598;B
20240130;100357;1639.4;28;9478448599;B
20240130;100357;1639.2;5;9478448624;S
20240130;100357;1639.4;12;9478448628;B
20240130;100357;1639.2;1;9478448698;S
20240130;100357;1639.4;4;9478448711;B
20240130;100358;1639.4;1;9478448718;B
20240130;100358;1639.2;43;9478448730;S
20240130;100358;1639.2;20;9478448731;S
20240130;100358;1639.2;10;9478448732;S
20240130;100358;1638.8;1;9478448733;S
20240130;100358;1638.8;50;9478448734;S
20240130;100358;1638.6;390;9478448735;S
20240130;100358;1638.6;500;9478448736;S
20240130;100358;1638.6;1;9478448748;B
20240130;100358;1638.4;10;9478448763;S
20240130;100358;1638.4;10;9478448764;S
20240130;100358;1638;20;9478448765;S
20240130;100358;1638.6;30;9478448790;B
20240130;100358;1638.6;5;9478448873;B
20240130;100359;1638;2;9478448978;S
20240130;100400;1638.4;80;9478449043;B
20240130;100400;1638.4;50;9478449056;B
20240130;100400;1638.2;20;9478449093;B
20240130;100400;1638.4;120;9478449094;B
20240130;100400;1638.4;5;9478449095;B
20240130;100400;1638.4;19;9478449096;B
20240130;100400;1638.4;36;9478449097;B
20240130;100400;1638;1;9478449155;S
20240130;100400;1638.4;11;9478449156;B
20240130;100400;1638.6;89;9478449157;B
20240130;100401;1638;7;9478449192;S
20240130;100401;1637.6;22;9478449193;S
20240130;100401;1637.6;10;9478449194;S
20240130;100401;1637.6;1;9478449195;B
20240130;100401;1638.4;10;9478449206;B
20240130;100401;1638.4;1;9478449260;B
20240130;100401;1638.4;11;9478449262;B
20240130;100401;1638.4;19;9478449263;B
20240130;100401;1637.4;14;9478449264;S
20240130;100401;1637.4;10;9478449265;S
20240130;100401;1637.4;222;9478449266;S
20240130;100401;1637.2;4;9478449267;S
20240130;100401;1638.4;16;9478449277;B
20240130;100401;1638.4;84;9478449278;B
20240130;100401;1637.4;30;9478449344;S
20240130;100402;1638.2;1;9478449434;B
20240130;100402;1638.4;1;9478449435;B
20240130;100402;1638.4;7;9478449436;B
20240130;100402;1638.4;3;9478449500;B
20240130;100402;1638.4;1;9478449549;B
20240130;100402;1638.4;1;9478449558;B
20240130;100402;1638.4;1;9478449559;B
20240130;100402;1638.6;58;9478449560;B
20240130;100402;1638.6;500;9478449575;B
20240130;100403;1638;21;9478449598;S
20240130;100403;1637.6;22;9478449599;S
20240130;100403;1637.4;7;9478449600;S
20240130;100403;1637.4;1;9478449604;S
20240130;100403;1638.4;100;9478449624;B
20240130;100404;1638.4;6;9478449802;B
20240130;100404;1638;31;9478449870;S
20240130;100404;1637.6;19;9478449871;S
20240130;100404;1637.4;6;9478449872;S
20240130;100405;1638.2;1;9478449900;B
20240130;100405;1638.2;99;9478449947;B
20240130;100405;1638.4;1;9478449948;B
20240130;100405;1638.4;16;9478450020;B
20240130;100405;1638.4;34;9478450021;B
20240130;100405;1638.4;55;9478450024;B
20240130;100405;1638.4;24;9478450025;B
20240130;100405;1638.4;10;9478450031;B
20240130;100406;1638.4;33;9478450041;B
20240130;100406;1638.6;67;9478450042;B
20240130;100406;1637.4;30;9478450068;S
20240130;100406;1638.6;3;9478450069;B
20240130;100406;1638.2;50;9478450087;B
20240130;100406;1638.6;6;9478450088;B
20240130;100406;1638.6;1196;9478450153;B
20240130;100406;1638.8;50;9478450154;B
20240130;100406;1639;20;9478450155;B
20240130;100406;1639.2;20;9478450156;B
20240130;100406;1639.4;100;9478450157;B
20240130;100406;1639.4;100;9478450158;B
20240130;100406;1639.4;100;9478450159;B
20240130;100406;1639.4;20;9478450160;B
20240130;100406;1639.6;144;9478450161;B
20240130;100406;1639.6;30;9478450162;B
20240130;100406;1639.6;10;9478450163;B
20240130;100406;1639.6;3;9478450164;B
20240130;100406;1639.6;207;9478450165;B
20240130;100406;1639.6;143;9478450198;B
20240130;100406;1639.6;17;9478450199;B
20240130;100407;1638.2;1;9478450279;S
20240130;100407;1638.6;1;9478450392;B
20240130;100407;1639.4;1;9478450393;B
20240130;100407;1639.6;3;9478450394;B
20240130;100407;1639.6;2;9478450395;B
20240130;100408;1639.6;4;9478450521;B
20240130;100409;1639;20;9478450670;B
20240130;100409;1639.6;94;9478450671;B
20240130;100409;1639.8;3;9478450672;B
20240130;100409;1639.8;2;9478450673;B
20240130;100409;1639.8;1;9478450674;B
20240130;100409;1639.8;5;9478450675;B
20240130;100409;1639.8;1;9478450676;B
20240130;100409;1640;5;9478450677;B
20240130;100409;1640;1;9478450678;B
20240130;100409;1640;1;9478450679;B
20240130;100409;1640;2;9478450680;B
20240130;100409;1640;4;9478450681;B
20240130;100409;1640;20;9478450682;B
20240130;100409;1640;4;9478450683;B
20240130;100409;1640;10;9478450684;B
20240130;100409;1640;2;9478450685;B
20240130;100409;1640;1;9478450686;B
20240130;100409;1640;50;9478450687;B
20240130;100409;1640;5;9478450688;B
20240130;100409;1640;70;9478450689;B
20240130;100409;1640;1;9478450690;B
20240130;100409;1640;2;9478450691;B
20240130;100409;1640;1;9478450692;B
20240130;100409;1640;1;9478450693;B
20240130;100409;1640;1;9478450694;B
20240130;100409;1640;1;9478450695;B
20240130;100409;1640;11;9478450696;B
20240130;100409;1640;4;9478450697;B
20240130;100409;1640;1;9478450698;B
20240130;100409;1640;26;9478450699;B
20240130;100409;1640;1;9478450700;B
20240130;100409;1640;1;9478450701;B
20240130;100409;1640;76;9478450702;B
20240130;100409;1638.8;1;9478450722;S
20240130;100409;1638.8;2;9478450768;S
20240130;100409;1640;30;9478450784;B
20240130;100409;1638.8;3;9478450785;S
20240130;100409;1638.8;3;9478450786;S
20240130;100409;1638.6;1;9478450787;S
20240130;100409;1638.6;4;9478450788;S
20240130;100409;1640;5;9478450789;B
20240130;100409;1638.6;2;9478450790;S
20240130;100409;1638.6;1;9478450791;S
20240130;100409;1638.6;1;9478450792;S
20240130;100409;1638.6;1;9478450793;S
20240130;100409;1638.6;22;9478450794;S
20240130;100409;1638.6;222;9478450795;S
20240130;100409;1638.6;2;9478450796;S
20240130;100409;1638.6;30;9478450797;S
20240130;100409;1638.4;10;9478450798;S
20240130;100409;1638.4;1;9478450799;S
20240130;100409;1638.6;1;9478450800;S
20240130;100409;1638.6;1;9478450801;S
20240130;100409;1638.6;2;9478450802;S
20240130;100409;1638.6;5;9478450803;S
20240130;100409;1638.4;9;9478450804;S
20240130;100409;1638.4;9;9478450805;S
20240130;100409;1638.4;5;9478450806;S
20240130;100409;1638.4;5;9478450809;S
20240130;100409;1638.4;3;9478450810;S
20240130;100409;1638.4;1;9478450811;S
20240130;100409;1638.4;4;9478450812;S
20240130;100409;1638.4;3;9478450813;S
20240130;100409;1638.4;1;9478450814;S
20240130;100409;1638.4;10;9478450815;S
20240130;100409;1638.4;3;9478450816;S
20240130;100409;1638.4;1;9478450817;S
20240130;100409;1638.4;5;9478450818;S
20240130;100409;1638.4;2;9478450819;S
20240130;100409;1638.4;7;9478450830;S
20240130;100409;1638.4;1;9478450860;S
20240130;100409;1638.8;18;9478450870;B
20240130;100410;1638.4;50;9478450955;S
20240130;100410;1638.8;10;9478450962;B
20240130;100411;1638.8;6;9478451036;B
20240130;100411;1639;19;9478451037;B
20240130;100411;1639;8;9478451124;B
20240130;100412;1638.6;1;9478451255;B
20240130;100412;1638.6;3;9478451273;B
20240130;100412;1638.6;1;9478451334;B
20240130;100412;1638.6;2;9478451386;B
20240130;100413;1638.6;3;9478451388;B
20240130;100413;1639;27;9478451389;B
20240130;100413;1639;1;9478451558;B
20240130;100413;1639;10;9478451583;B
20240130;100413;1638.6;1;9478451607;S
20240130;100414;1639;6;9478451633;B
20240130;100414;1639.2;5;9478451634;B
20240130;100414;1639.2;39;9478451635;B
20240130;100415;1638.6;4;9478451845;S
20240130;100415;1638.4;21;9478451846;S
20240130;100415;1639;15;9478451895;B
20240130;100415;1639.2;15;9478451896;B
20240130;100416;1638.6;3;9478452003;S
20240130;100416;1638.6;3;9478452004;S
20240130;100416;1638.6;1;9478452005;S
20240130;100416;1638.4;12;9478452006;S
20240130;100416;1639;3;9478452019;S
20240130;100416;1639.2;100;9478452044;B
20240130;100416;1639.2;10;9478452049;B
20240130;100416;1639;16;9478452061;S
20240130;100416;1638.6;2;9478452062;S
20240130;100416;1638.4;7;9478452063;S
20240130;100416;1639.2;1;9478452078;B
20240130;100417;1639.2;85;9478452237;B
20240130;100417;1639.2;28;9478452238;B
20240130;100417;1639.6;22;9478452239;B
20240130;100417;1639.6;5;9478452240;B
20240130;100417;1639.6;10;9478452241;B
20240130;100417;1639.6;64;9478452242;B
20240130;100417;1639.6;10;9478452243;B
20240130;100417;1639.8;1;9478452244;B
20240130;100417;1639.8;1;9478452245;B
20240130;100417;1639.8;10;9478452246;B
20240130;100417;1639.8;62;9478452247;B
20240130;100417;1639.8;38;9478452280;B
20240130;100417;1639.8;200;9478452281;B
20240130;100417;1640;39;9478452282;B
20240130;100417;1640;323;9478452283;B
20240130;100419;1640;377;9478452464;B
20240130;100419;1640;50;9478452465;B
20240130;100419;1640;1;9478452466;B
20240130;100419;1640;1;9478452467;B
20240130;100419;1640;10;9478452468;B
20240130;100419;1640;1;9478452469;B
20240130;100419;1640;1;9478452470;B
20240130;100419;1640;30;9478452471;B
20240130;100419;1640;10;9478452472;B
20240130;100419;1640;1;9478452473;B
20240130;100419;1640;1;9478452474;B
20240130;100419;1640;3;9478452475;B
20240130;100419;1640;3;9478452476;B
20240130;100419;1640;20;9478452477;B
20240130;100419;1640;1;9478452478;B
20240130;100419;1640;90;9478452479;B
20240130;100419;1640;310;9478452534;B
20240130;100419;1640;20;9478452535;B
20240130;100419;1640;84;9478452536;B
20240130;100419;1640;15;9478452537;B
20240130;100419;1640;49;9478452546;B
20240130;100419;1639.2;1;9478452554;S
20240130;100420;1639.2;10;9478452593;S
20240130;100420;1640;2;9478452607;B
20240130;100420;1639.4;1;9478452677;S
20240130;100420;1640;74;9478452678;B
20240130;100421;1640;70;9478452821;B
20240130;100421;1640;56;9478452860;B
20240130;100421;1640;5;9478452861;B
20240130;100421;1640;15;9478452862;B
20240130;100421;1640;1;9478452863;B
20240130;100421;1640;5;9478452864;B
20240130;100421;1640;10;9478452865;B
20240130;100421;1640;1;9478452866;B
20240130;100421;1640;2;9478452867;B
20240130;100421;1640;10;9478452868;B
20240130;100421;1640;9;9478452869;B
20240130;100421;1640;1;9478452870;B
20240130;100421;1640;1;9478452871;B
20240130;100421;1640;1;9478452872;B
20240130;100421;1640;2;9478452873;B
20240130;100421;1640;3;9478452874;B
20240130;100421;1640;1;9478452875;B
20240130;100421;1640;100;9478452876;B
20240130;100421;1640;5;9478452877;B
20240130;100421;1640;50;9478452878;B
20240130;100421;1640;9;9478452879;B
20240130;100421;1640;50;9478452880;B
20240130;100421;1640;1;9478452881;B
20240130;100421;1640;1;9478452882;B
20240130;100421;1640;3;9478452883;B
20240130;100421;1640;4;9478452884;B
20240130;100421;1640;2;9478452885;B
20240130;100421;1640;3;9478452886;B
20240130;100421;1640;1;9478452887;B
20240130;100421;1640;1;9478452888;B
20240130;100421;1640;4;9478452889;B
20240130;100421;1640;5;9478452890;B
20240130;100421;1640;23;9478452891;B
20240130;100421;1640;3;9478452892;B
20240130;100421;1640;5;9478452893;B
20240130;100421;1640;7;9478452894;B
20240130;100421;1640;89;9478452895;B
20240130;100421;1640;10;9478452896;B
20240130;100421;1640;1;9478452897;B
20240130;100421;1640;1;9478452898;B
20240130;100421;1640;1;9478452899;B
20240130;100421;1640;1;9478452900;B
20240130;100421;1640;5;9478452901;B
20240130;100421;1640;1;9478452902;B
20240130;100421;1640;58;9478452903;B
20240130;100421;1640;80;9478452904;B
20240130;100422;1640;600;9478452943;B
20240130;100422;1639.4;5;9478452998;S
20240130;100422;1640;10;9478453006;B
20240130;100422;1640;1;9478453018;B
20240130;100422;1640;181;9478453073;B
20240130;100422;1640;3;9478453074;B
20240130;100422;1640;1;9478453075;B
20240130;100422;1640;8;9478453076;B
20240130;100422;1640;3;9478453077;B
20240130;100422;1640;2;9478453078;B
20240130;100422;1640;3;9478453079;B
20240130;100422;1640;11;9478453080;B
20240130;100422;1640;7;9478453081;B
20240130;100422;1640;2;9478453082;B
20240130;100422;1640;1;9478453083;B
20240130;100422;1640;27;9478453084;B
20240130;100422;1640;3;9478453085;B
20240130;100422;1640;2;9478453086;B
20240130;100422;1640;4;9478453087;B
20240130;100422;1640;1;9478453088;B
20240130;100422;1640;10;9478453089;B
20240130;100422;1640;1;9478453090;B
20240130;100422;1640;10;9478453091;B
20240130;100422;1640;50;9478453092;B
20240130;100422;1640;2;9478453093;B
20240130;100422;1640;9;9478453094;B
20240130;100422;1640;3;9478453095;B
20240130;100422;1640;1;9478453096;B
20240130;100422;1640;1;9478453097;B
20240130;100422;1640;4;9478453098;B
20240130;100422;1640;7;9478453099;B
20240130;100422;1640;1;9478453100;B
20240130;100422;1640;1;9478453101;B
20240130;100422;1640;5;9478453102;B
20240130;100422;1640;15;9478453103;B
20240130;100422;1640;1;9478453104;B
20240130;100422;1640;10;9478453105;B
20240130;100422;1640;2;9478453106;B
20240130;100422;1640;30;9478453107;B
20240130;100422;1640;1;9478453108;B
20240130;100422;1640;4;9478453109;B
20240130;100422;1640;1;9478453110;B
20240130;100422;1640;1;9478453111;B
20240130;100422;1640;6;9478453112;B
20240130;100422;1640;1;9478453113;B
20240130;100422;1640;1;9478453114;B
20240130;100422;1640;3;9478453115;B
20240130;100422;1640;1;9478453116;B
20240130;100422;1640;1;9478453117;B
20240130;100422;1640;13;9478453118;B
20240130;100422;1640;8;9478453119;B
20240130;100422;1640;10;9478453120;B
20240130;100422;1640;1;9478453121;B
20240130;100422;1640;1;9478453122;B
20240130;100422;1640;4;9478453123;B
20240130;100422;1640;2;9478453124;B
20240130;100422;1640;3;9478453125;B
20240130;100422;1640;1;9478453126;B
20240130;100422;1640;5;9478453127;B
20240130;100422;1640;1;9478453128;B
20240130;100422;1640;49;9478453171;B
20240130;100422;1640;1;9478453172;B
20240130;100422;1639.6;1;9478453206;S
20240130;100422;1639.4;19;9478453207;S
20240130;100423;1640;7;9478453211;B
20240130;100423;1639.4;1;9478453289;S
20240130;100423;1640;30;9478453300;B
20240130;100423;1640;12;9478453430;B
20240130;100423;1640;5;9478453431;B
20240130;100423;1640;5;9478453475;B
20240130;100423;1640;65;9478453476;B
20240130;100424;1639.4;1;9478453499;S
20240130;100424;1639.4;36;9478453510;S
20240130;100424;1639.4;62;9478453511;S
20240130;100424;1639.4;71;9478453512;B
20240130;100424;1640;619;9478453578;B
20240130;100425;1640;100;9478453880;B
20240130;100425;1639.6;1;9478453888;S
20240130;100425;1639.4;62;9478453889;S
20240130;100425;1639.2;600;9478453890;S
20240130;100425;1639.2;182;9478453891;S
20240130;100425;1639.2;146;9478453893;B
20240130;100425;1639.2;50;9478453933;B
20240130;100425;1639.2;40;9478453951;B
20240130;100425;1639;1;9478453969;S
20240130;100425;1639;2;9478453971;S
20240130;100425;1639.2;100;9478454019;B
20240130;100426;1639.2;100;9478454041;B
20240130;100426;1639.2;119;9478454056;B
20240130;100426;1640;50;9478454087;B
20240130;100426;1640;20;9478454093;B
20240130;100427;1640;96;9478454202;B
20240130;100427;1640;30;9478454203;B
20240130;100427;1640;50;9478454204;B
20240130;100427;1640;100;9478454205;B
20240130;100427;1640;14;9478454206;B
20240130;100427;1640;20;9478454207;B
20240130;100427;1640;190;9478454208;B
20240130;100427;1640;20;9478454216;B
20240130;100427;1640;30;9478454217;B
20240130;100427;1640;1;9478454277;B
20240130;100428;1640;7;9478454351;B
20240130;100428;1640;152;9478454382;B
20240130;100428;1640;1;9478454383;B
20240130;100428;1640;1;9478454384;B
20240130;100428;1640;46;9478454385;B
20240130;100428;1639.8;1;9478454418;B
20240130;100428;1640;24;9478454419;B
20240130;100429;1640;100;9478454601;B
20240130;100429;1639.4;1;9478454659;S
20240130;100430;1639.4;1;9478454670;S
20240130;100430;1639.4;40;9478454761;S
20240130;100430;1639.4;59;9478454763;S
20240130;100431;1639.4;15;9478454900;B
20240130;100431;1639.4;10;9478454909;B
20240130;100431;1639.4;4;9478454919;B
20240130;100432;1639.2;100;9478455022;S
20240130;100433;1639.4;112;9478455074;B
20240130;100433;1639.6;15;9478455075;B
20240130;100433;1639.6;31;9478455076;B
20240130;100433;1639.8;62;9478455077;B
20240130;100433;1639.8;5;9478455078;B
20240130;100433;1639.8;1;9478455079;B
20240130;100433;1640;774;9478455080;B
20240130;100433;1639.2;10;9478455107;S
20240130;100433;1639.2;31;9478455108;S
20240130;100433;1639.2;159;9478455111;B
20240130;100433;1639;3;9478455179;S
20240130;100434;1639.8;1;9478455238;B
20240130;100434;1639.8;15;9478455239;B
20240130;100434;1639.8;4;9478455240;B
20240130;100434;1639.8;2;9478455241;B
20240130;100434;1639.8;1;9478455300;S
20240130;100434;1639.8;10;9478455313;S
20240130;100434;1639.8;23;9478455342;S
20240130;100435;1640;2;9478455368;B
20240130;100435;1639.8;20;9478455390;S
20240130;100435;1640;20;9478455469;B
20240130;100435;1640;34;9478455470;B
20240130;100435;1640;2;9478455471;B
20240130;100435;1640;32;9478455472;B
20240130;100436;1640;75;9478455495;B
20240130;100436;1640;18;9478455523;B
20240130;100436;1640;1;9478455600;B
20240130;100437;1639.8;40;9478455669;S
20240130;100437;1639.8;100;9478455739;S
20240130;100437;1639.8;10;9478455741;B
20240130;100437;1639.6;9;9478455767;S
20240130;100437;1639.6;100;9478455768;S
20240130;100437;1639.6;31;9478455769;S
20240130;100437;1639.4;258;9478455770;S
20240130;100437;1639.8;15;9478455842;B
20240130;100438;1639.8;1;9478455896;B
20240130;100438;1639.6;1;9478455964;S
20240130;100438;1639.6;5;9478456001;S
20240130;100438;1639.6;57;9478456042;S
20240130;100438;1639.4;143;9478456043;S
20240130;100438;1639.4;4;9478456118;S
20240130;100438;1639.4;1;9478456119;S
20240130;100439;1639.8;41;9478456166;B
20240130;100439;1640;59;9478456167;B
20240130;100439;1640;88;9478456178;B
20240130;100439;1640;1;9478456179;B
20240130;100439;1640;61;9478456180;B
20240130;100439;1639.6;10;9478456191;S
20240130;100440;1640;1;9478456275;B
20240130;100440;1640;10;9478456286;B
20240130;100440;1639.8;6;9478456388;B
20240130;100440;1640;128;9478456389;B
20240130;100440;1640;166;9478456390;B
20240130;100440;1639.6;52;9478456445;S
20240130;100440;1639.6;48;9478456446;S
20240130;100441;1640;6;9478456483;B
20240130;100441;1640;298;9478456537;B
20240130;100441;1640;30;9478456539;B
20240130;100441;1640;70;9478456540;B
20240130;100442;1640;180;9478456627;B
20240130;100442;1640;8;9478456628;B
20240130;100442;1639.6;62;9478456646;S
20240130;100442;1639.6;31;9478456647;S
20240130;100442;1639.6;6;9478456648;S
20240130;100442;1640;10;9478456675;B
20240130;100442;1640;21;9478456676;B
20240130;100442;1640;179;9478456779;B
20240130;100442;1640;1;9478456780;B
20240130;100442;1640;1;9478456781;B
20240130;100443;1640;1;9478456934;S
20240130;100443;1640;9;9478456936;S
20240130;100444;1640.2;1;9478457004;B
20240130;100444;1640.2;1;9478457005;B
20240130;100444;1640.2;3;9478457006;B
20240130;100444;1640;169;9478457033;S
20240130;100444;1640;31;9478457034;S
20240130;100444;1640;1;9478457070;S
20240130;100444;1640.2;1;9478457083;B
20240130;100444;1640.2;2;9478457084;B
20240130;100444;1640.2;1;9478457145;S
20240130;100445;1640.2;96;9478457193;S
20240130;100445;1640.2;4;9478457197;B
20240130;100445;1640.2;30;9478457198;B
20240130;100445;1640.4;1;9478457199;B
20240130;100445;1640.4;65;9478457200;B
20240130;100445;1640;5;9478457287;S
20240130;100445;1640.2;1;9478457289;B
20240130;100445;1640.2;99;9478457290;B
20240130;100445;1640;1;9478457313;S
20240130;100446;1640;3;9478457373;S
20240130;100446;1640.2;700;9478457401;B
20240130;100446;1640.2;101;9478457403;B
20240130;100446;1640.4;4;9478457404;B
20240130;100446;1640.4;1;9478457405;B
20240130;100446;1640.4;1;9478457406;B
20240130;100446;1640.4;1;9478457407;B
20240130;100446;1640.4;1;9478457408;B
20240130;100446;1640.4;1;9478457409;B
20240130;100446;1640.4;2;9478457410;B
20240130;100446;1640.4;388;9478457411;B
20240130;100446;1640.4;100;9478457414;B
20240130;100446;1640.4;20;9478457433;B
20240130;100446;1640.2;30;9478457453;S
20240130;100447;1640.2;89;9478457572;B
20240130;100447;1640;1;9478457632;S
20240130;100447;1640.2;50;9478457643;B
20240130;100447;1640.2;31;9478457647;B
20240130;100447;1640.4;69;9478457648;B
20240130;100447;1640.4;23;9478457649;B
20240130;100447;1640.4;1;9478457650;B
20240130;100447;1640.4;5;9478457651;B
20240130;100447;1640.4;3;9478457652;B
20240130;100447;1640.4;13;9478457653;B
20240130;100447;1640.4;1;9478457654;B
20240130;100447;1640.4;10;9478457687;B
20240130;100447;1640.4;6;9478457710;B
20240130;100447;1640.4;5;9478457711;B
20240130;100447;1640.4;2;9478457712;B
20240130;100447;1640.4;2;9478457713;B
20240130;100447;1640.4;2;9478457714;B
20240130;100447;1640.4;4;9478457715;B
20240130;100447;1640.4;5;9478457716;B
20240130;100448;1640;100;9478457761;S
20240130;100448;1640;13;9478457777;S
20240130;100448;1640;10;9478457778;S
20240130;100448;1640;5;9478457779;S
20240130;100448;1640;5;9478457780;S
20240130;100448;1639.8;62;9478457781;S
20240130;100448;1639.6;5;9478457782;S
20240130;100448;1640.2;5;9478457824;B
20240130;100448;1640.4;1;9478457846;B
20240130;100448;1640.4;2;9478457847;B
20240130;100448;1640.4;7;9478457848;B
20240130;100448;1640.4;12;9478457849;B
20240130;100448;1640.4;2;9478457850;B
20240130;100448;1640.6;1;9478457851;B
20240130;100448;1640.6;5;9478457852;B
20240130;100448;1640.6;30;9478457853;B
20240130;100448;1640.2;23;9478457910;S
20240130;100448;1640.6;75;9478457939;B
20240130;100448;1640.6;25;9478457940;B
20240130;100449;1640;10;9478457954;S
20240130;100449;1640.8;1;9478457969;B
20240130;100449;1640.6;5;9478457983;B
20240130;100449;1640.8;7;9478457984;B
20240130;100449;1640.8;1;9478457985;B
20240130;100449;1640.8;2;9478457986;B
20240130;100449;1640.8;5;9478457995;B
20240130;100449;1640.8;40;9478458000;B
20240130;100449;1640;10;9478458002;S
20240130;100449;1640.8;3;9478458019;B
20240130;100449;1640;2;9478458033;S
20240130;100449;1640;3;9478458081;S
20240130;100449;1640;7;9478458082;S
20240130;100449;1640;55;9478458099;S
20240130;100449;1640;30;9478458100;S
20240130;100449;1640;50;9478458101;S
20240130;100449;1639.8;1;9478458105;S
20240130;100450;1640;3;9478458163;B
20240130;100450;1640;62;9478458222;B
20240130;100450;1640.4;30;9478458223;B
20240130;100450;1640.6;1;9478458224;B
20240130;100450;1640.8;56;9478458225;B
20240130;100450;1640.8;200;9478458260;B
20240130;100450;1640;100;9478458304;B
20240130;100451;1639.8;1;9478458338;S
20240130;100451;1640.8;13;9478458427;B
20240130;100451;1640.8;50;9478458519;B
20240130;100451;1640.8;131;9478458581;B
20240130;100451;1640.8;1;9478458582;B
20240130;100451;1640.8;1;9478458583;B
20240130;100451;1640.8;4;9478458584;B
20240130;100451;1641;1;9478458585;B
20240130;100451;1641;1;9478458586;B
20240130;100451;1641;1;9478458587;B
20240130;100451;1641;1;9478458588;B
20240130;100451;1641;171;9478458589;B
20240130;100451;1641;1;9478458590;B
20240130;100451;1641;15;9478458591;B
20240130;100451;1641;1;9478458592;B
20240130;100451;1641;1;9478458593;B
20240130;100451;1641;1;9478458594;B
20240130;100451;1641;100;9478458595;B
20240130;100451;1641;1;9478458596;B
20240130;100451;1641;10;9478458597;B
20240130;100451;1641;1;9478458598;B
20240130;100451;1641;30;9478458599;B
20240130;100451;1641.2;20;9478458600;B
20240130;100451;1641.2;1;9478458601;B
20240130;100451;1641.2;4;9478458602;B
20240130;100451;1641.2;50;9478458603;B
20240130;100451;1641.2;367;9478458604;B
20240130;100451;1641.2;5;9478458605;B
20240130;100451;1641.4;1;9478458606;B
20240130;100451;1641.4;785;9478458607;B
20240130;100451;1641.4;12;9478458608;B
20240130;100451;1641.4;2;9478458609;B
20240130;100451;1641.4;20;9478458610;B
20240130;100451;1641.6;1;9478458611;B
20240130;100451;1641.6;1;9478458612;B
20240130;100451;1641.6;23;9478458613;B
20240130;100451;1641.6;2;9478458614;B
20240130;100451;1641.6;1;9478458615;B
20240130;100451;1641.6;10;9478458616;B
20240130;100451;1641.6;3;9478458617;B
20240130;100451;1641.6;1;9478458618;B
20240130;100451;1641.6;5;9478458619;B
20240130;100451;1641.6;20;9478458620;B
20240130;100451;1641.6;1;9478458621;B
20240130;100451;1641.6;10;9478458622;B
20240130;100451;1641.6;3;9478458623;B
20240130;100451;1641.6;100;9478458624;B
20240130;100451;1641.6;250;9478458625;B
20240130;100451;1641.6;5;9478458626;B
20240130;100451;1641.8;1;9478458627;B
20240130;100451;1641.8;6;9478458628;B
20240130;100451;1641.8;1;9478458629;B
20240130;100451;1641.8;1816;9478458630;B
20240130;100452;1641.4;1;9478458653;B
20240130;100452;1640.8;22;9478458659;S
20240130;100452;1640.8;28;9478458660;S
20240130;100452;1640.6;62;9478458696;S
20240130;100452;1640.6;60;9478458697;S
20240130;100452;1640.6;30;9478458698;S
20240130;100452;1640.4;248;9478458699;S
20240130;100452;1641;1;9478458718;B
20240130;100452;1640.4;2;9478458721;S
20240130;100452;1640.6;5;9478458766;S
20240130;100452;1640.6;2;9478458767;S
20240130;100453;1641;5;9478458859;B
20240130;100453;1641;7;9478458860;B
20240130;100453;1641;5;9478458861;B
20240130;100453;1641;2;9478458862;B
20240130;100453;1641;35;9478458863;B
20240130;100453;1641.4;22;9478458864;B
20240130;100453;1641.4;50;9478458865;B
20240130;100453;1641.6;1;9478458866;B
20240130;100453;1641.6;222;9478458867;B
20240130;100453;1641.6;6;9478458868;B
20240130;100453;1640.6;1;9478458901;S
20240130;100453;1640.6;1;9478458931;S
20240130;100453;1641;1;9478458934;B
20240130;100453;1641.6;1;9478458935;B
20240130;100453;1641.6;98;9478458936;B
20240130;100453;1640.6;5;9478458982;S
20240130;100454;1641.6;10;9478459101;B
20240130;100454;1641.6;1;9478459114;B
20240130;100454;1641;1;9478459135;S
20240130;100454;1640.8;29;9478459136;S
20240130;100454;1640.6;48;9478459137;S
20240130;100454;1640.6;22;9478459138;S
20240130;100454;1640.6;78;9478459139;S
20240130;100455;1641.6;50;9478459269;B
20240130;100457;1641.4;1;9478459562;B
20240130;100457;1641.6;41;9478459563;B
20240130;100457;1641.6;1;9478459564;B
20240130;100457;1641.6;22;9478459565;B
20240130;100457;1641.6;13;9478459566;B
20240130;100457;1641.6;60;9478459567;B
20240130;100457;1641.8;275;9478459568;B
20240130;100457;1641;1;9478459651;S
20240130;100458;1641;99;9478459663;S
20240130;100458;1641;1;9478459691;B
20240130;100458;1641.8;5;9478459692;B
20240130;100458;1640.8;2;9478459693;S
20240130;100458;1640.8;2;9478459869;S
20240130;100459;1640.8;58;9478460000;S
20240130;100459;1640.8;22;9478460001;S
20240130;100459;1640.8;108;9478460002;S
20240130;100500;1641.6;62;9478460047;B
20240130;100500;1641.6;50;9478460048;B
20240130;100500;1640.6;9;9478460057;S
20240130;100500;1641.6;1;9478460073;B
20240130;100500;1641.4;2;9478460112;B
20240130;100500;1641.6;28;9478460113;B
20240130;100500;1640.6;1;9478460121;S
20240130;100500;1641.6;1;9478460144;B
20240130;100500;1640.6;4;9478460156;S
20240130;100501;1641.6;14;9478460267;B
20240130;100501;1641;1;9478460308;S
20240130;100501;1641;2;9478460313;S
20240130;100501;1640.8;1;9478460350;S
20240130;100501;1640.8;10;9478460421;S
20240130;100501;1641.6;85;9478460452;B
20240130;100501;1641.8;874;9478460453;B
20240130;100501;1641.8;1;9478460454;B
20240130;100501;1641.8;1;9478460455;B
20240130;100501;1641.8;20;9478460456;B
20240130;100501;1641.8;4;9478460457;B
20240130;100501;1641.8;16;9478460458;B
20240130;100502;1641.8;6;9478460480;B
20240130;100502;1641.8;107;9478460481;B
20240130;100502;1642;10;9478460482;B
20240130;100502;1642;1;9478460483;B
20240130;100502;1642;15;9478460484;B
20240130;100502;1642;1;9478460485;B
20240130;100502;1642;200;9478460486;B
20240130;100502;1642;60;9478460487;B
20240130;100502;1641;1;9478460522;S
20240130;100502;1642;60;9478460647;B
20240130;100502;1641;1;9478460649;S
20240130;100502;1641;5;9478460650;S
20240130;100502;1641;4;9478460653;S
20240130;100502;1642;1;9478460675;B
20240130;100503;1641.2;5;9478460787;S
20240130;100503;1641.2;45;9478460788;S
20240130;100503;1641.8;1;9478460821;B
20240130;100503;1641.4;25;9478460875;S
20240130;100503;1641.4;2;9478460893;S
20240130;100504;1641.4;36;9478460962;S
20240130;100504;1641.2;64;9478460963;S
20240130;100504;1641.8;2;9478460974;B
20240130;100504;1641.8;41;9478460977;B
20240130;100504;1642;59;9478460978;B
20240130;100505;1641.2;1;9478461074;S
20240130;100505;1641.8;2;9478461269;B
20240130;100505;1641.6;2;9478461280;S
20240130;100505;1641.4;25;9478461281;S
20240130;100505;1641;22;9478461282;S
20240130;100505;1641;1;9478461283;S
20240130;100506;1641.8;8;9478461464;B
20240130;100506;1641.8;52;9478461465;B
20240130;100507;1642;20;9478461808;B
20240130;100507;1642;1;9478461809;B
20240130;100507;1642;50;9478461810;B
20240130;100507;1642;20;9478461811;B
20240130;100507;1642;9;9478461812;B
20240130;100507;1641.8;50;9478461826;S
20240130;100508;1642;91;9478461986;B
20240130;100508;1642;1;9478461987;B
20240130;100508;1642;1;9478461988;B
20240130;100508;1642;7;9478461989;B
20240130;100508;1641.8;62;9478461993;S
20240130;100508;1641.8;62;9478461994;S
20240130;100508;1641.8;60;9478461995;S
20240130;100508;1641.6;66;9478461996;S
20240130;100508;1642;13;9478462266;B
20240130;100508;1642;4;9478462267;B
20240130;100508;1642;1;9478462268;B
20240130;100508;1642;44;9478462269;B
20240130;100508;1642;1;9478462270;B
20240130;100508;1642;3;9478462271;B
20240130;100508;1642;1;9478462272;B
20240130;100508;1642;32;9478462273;B
20240130;100508;1642;1;9478462274;B
20240130;100508;1642;2;9478462275;B
20240130;100508;1642;1;9478462276;B
20240130;100508;1642;12;9478462277;B
20240130;100508;1642;1;9478462305;B
20240130;100509;1641.8;7;9478462333;S
20240130;100509;1642.2;1;9478462337;B
20240130;100509;1642.2;1;9478462338;B
20240130;100509;1642.4;3;9478462339;B
20240130;100509;1642.4;1;9478462340;B
20240130;100509;1642.4;2;9478462341;B
20240130;100509;1642.4;1;9478462342;B
20240130;100509;1642.6;1;9478462343;B
20240130;100509;1642.6;90;9478462344;B
20240130;100509;1642.6;5;9478462359;B
20240130;100509;1642.6;3;9478462363;B
20240130;100509;1642;1;9478462391;S
20240130;100509;1642;2;9478462392;S
20240130;100509;1642;1;9478462395;S
20240130;100509;1642;1;9478462449;S
20240130;100509;1642.4;100;9478462522;B
20240130;100511;1642.4;74;9478462719;B
20240130;100511;1642.2;1;9478462720;S
20240130;100511;1642.4;100;9478462729;B
20240130;100511;1642.2;1;9478462744;S
20240130;100511;1642.2;5;9478462746;S
20240130;100511;1642.2;3;9478462799;S
20240130;100511;1642.4;150;9478462813;B
20240130;100512;1642.2;90;9478462853;S
20240130;100512;1642;6;9478462854;S
20240130;100512;1641.8;222;9478462855;S
20240130;100512;1641.8;2;9478462856;S
20240130;100512;1641.8;62;9478462857;S
20240130;100512;1641.6;1618;9478462858;S
20240130;100513;1641.6;4;9478463047;S
20240130;100513;1641.8;6;9478463053;B
20240130;100513;1641.6;3;9478463060;S
20240130;100513;1641.8;56;9478463067;B
20240130;100513;1642;200;9478463068;B
20240130;100513;1642.2;60;9478463069;B
20240130;100513;1642.2;1;9478463070;B
20240130;100513;1642.4;76;9478463071;B
20240130;100513;1642.4;12;9478463072;B
20240130;100513;1642.4;8;9478463073;B
20240130;100513;1642.4;87;9478463074;B
20240130;100514;1642.4;135;9478463188;B
20240130;100514;1642.4;57;9478463189;B
20240130;100514;1642.4;49;9478463190;B
20240130;100514;1642.6;11;9478463191;B
20240130;100515;1642;7;9478463398;B
20240130;100515;1642;300;9478463462;S
20240130;100516;1641.6;200;9478463595;S
20240130;100516;1642.2;1;9478463597;B
20240130;100516;1641.6;10;9478463602;S
20240130;100516;1641.6;99;9478463603;S
20240130;100516;1642.2;1;9478463667;B
20240130;100516;1642.4;1;9478463668;B
20240130;100516;1642.4;10;9478463669;B
20240130;100516;1642.6;540;9478463670;B
20240130;100516;1641.4;5;9478463774;S
20240130;100516;1641;5;9478463775;S
20240130;100516;1641;3;9478463787;S
20240130;100517;1641.8;1;9478463969;S
20240130;100518;1642;1;9478464400;B
20240130;100519;1642;1;9478464454;B
20240130;100519;1642;1;9478464455;B
20240130;100519;1642;4;9478464467;B
20240130;100519;1642;1;9478464468;B
20240130;100519;1642.4;10;9478464471;B
20240130;100519;1642.4;18;9478464477;B
20240130;100519;1642.4;28;9478464478;B
20240130;100519;1642.2;2;9478464509;S
20240130;100520;1642.2;1;9478464631;S
20240130;100520;1642.4;1;9478464641;B
20240130;100520;1642.6;499;9478464642;B
20240130;100520;1642.2;1;9478464668;S
20240130;100520;1642.6;24;9478464796;B
20240130;100520;1642.6;45;9478464797;B
20240130;100520;1642.6;10;9478464798;B
20240130;100520;1642.6;1;9478464799;B
20240130;100520;1642.6;9;9478464801;S
20240130;100521;1642.6;1;9478464826;S
20240130;100521;1642.8;1;9478464840;B
20240130;100521;1642.8;19;9478464841;B
20240130;100521;1642.8;1;9478464865;B
20240130;100521;1642.8;10;9478464891;B
20240130;100521;1642.8;6;9478464970;B
20240130;100522;1642.8;500;9478465060;B
20240130;100522;1642.8;1;9478465093;B
20240130;100522;1642.6;4;9478465098;S
20240130;100522;1642.6;1;9478465108;B
20240130;100522;1642.6;1;9478465109;B
20240130;100522;1642.8;24;9478465110;B
20240130;100522;1642.2;16;9478465190;S
20240130;100522;1642.2;1;9478465191;S
20240130;100522;1642.2;1;9478465192;S
20240130;100522;1642;21;9478465193;S
20240130;100522;1642;1;9478465194;S
20240130;100522;1642;60;9478465195;S
20240130;100523;1642.4;3;9478465296;B
20240130;100523;1642.6;1;9478465370;S
20240130;100524;1642.8;2;9478465509;B
20240130;100524;1642.8;1;9478465529;B
20240130;100525;1642.8;150;9478465608;B
20240130;100525;1642.8;1;9478465674;B
20240130;100525;1642.8;20;9478465741;B
20240130;100525;1642.8;9;9478465750;B
20240130;100526;1642.6;6;9478465881;S
20240130;100526;1642.6;94;9478465882;S
20240130;100527;1642.8;3;9478465933;B
20240130;100527;1642.8;38;9478465935;B
20240130;100527;1642.8;38;9478465936;B
20240130;100527;1642.8;100;9478465944;B
20240130;100527;1642.6;6;9478465955;S
20240130;100527;1642.6;62;9478465956;S
20240130;100527;1642.6;22;9478465957;S
20240130;100527;1642.8;5;9478466070;B
20240130;100528;1642.6;7;9478466095;S
20240130;100528;1642.6;28;9478466096;S
20240130;100528;1642.8;1;9478466121;B
20240130;100528;1642.8;9;9478466184;B
20240130;100529;1642.8;10;9478466265;B
20240130;100529;1642.6;30;9478466266;S
20240130;100529;1642.8;200;9478466345;B
20240130;100530;1642.6;1;9478466371;S
20240130;100530;1642.6;1;9478466382;S
20240130;100530;1642.8;4;9478466383;B
20240130;100530;1642.6;1;9478466391;S
20240130;100530;1642.8;2;9478466418;B
20240130;100530;1642.8;10;9478466554;B
20240130;100530;1642.8;8;9478466556;B
20240130;100530;1642.8;1;9478466557;B
20240130;100530;1642.8;1;9478466558;B
20240130;100531;1642.6;89;9478466638;S
20240130;100531;1642.6;10;9478466639;S
20240130;100531;1642.6;1;9478466640;S
20240130;100531;1642.6;10;9478466660;S
20240130;100532;1642.8;5;9478466719;B
20240130;100532;1642.8;1;9478466720;B
20240130;100532;1642.8;94;9478466721;B
20240130;100532;1642.6;1;9478466740;S
20240130;100532;1642.6;1;9478466875;S
20240130;100533;1642.8;10;9478466897;B
20240130;100533;1642.6;1;9478467053;S
20240130;100533;1642.8;1;9478467114;B
20240130;100533;1642.6;1;9478467140;S
20240130;100534;1642.8;2;9478467209;B
20240130;100534;1642.8;39;9478467291;B
20240130;100534;1642.6;3;9478467301;S
20240130;100534;1642.8;2;9478467302;B
20240130;100534;1642.6;38;9478467309;S
20240130;100534;1642.6;7;9478467310;S
20240130;100534;1642.6;5;9478467311;S
20240130;100535;1642.8;6;9478467330;B
20240130;100535;1642.8;6;9478467335;B
20240130;100535;1642.8;1;9478467437;B
20240130;100535;1642.8;30;9478467438;B
20240130;100535;1642.6;22;9478467439;S
20240130;100535;1642.8;2;9478467454;B
20240130;100536;1642.6;30;9478467572;S
20240130;100536;1642.8;7;9478467591;B
20240130;100536;1642.8;4;9478467592;B
20240130;100536;1642.8;3;9478467593;B
20240130;100536;1642.8;27;9478467603;B
20240130;100536;1642.8;2;9478467604;B
20240130;100536;1642.8;10;9478467605;B
20240130;100537;1642.8;240;9478467692;B
20240130;100537;1642.8;1;9478467693;B
20240130;100537;1642.8;100;9478467694;S
20240130;100537;1642.8;100;9478467695;S
20240130;100537;1642.8;1;9478467780;S
20240130;100537;1643;1;9478467781;B
20240130;100537;1643;1;9478467782;B
20240130;100537;1643;8;9478467783;B
20240130;100537;1643;1;9478467794;B
20240130;100537;1643;1;9478467795;B
20240130;100537;1642.8;15;9478467807;S
20240130;100537;1643;1;9478467867;B
20240130;100538;1643;6;9478467870;B
20240130;100538;1643;83;9478467887;B
20240130;100538;1643;1;9478467888;B
20240130;100538;1643;50;9478467889;B
20240130;100538;1643;10;9478467890;B
20240130;100538;1643;2;9478467891;B
20240130;100538;1643;4;9478467892;B
20240130;100538;1642.8;10;9478467910;S
20240130;100538;1642.8;50;9478467949;S
20240130;100538;1642.8;633;9478467953;S
20240130;100538;1642.8;60;9478467954;S
20240130;100538;1642.6;2242;9478467955;S
