<DATE>;<TIME>;<LAST>;<VOL>;<ID>;<OPER>
20240129;095939;1609.4;9;9473206177;S
20240129;095939;1609.4;1;9473206178;S
20240129;095939;1609.4;1;9473206179;B
20240129;095939;1609.4;2;9473206180;B
20240129;095939;1609.4;1;9473206181;B
20240129;095939;1609.4;7;9473206182;B
20240129;095939;1609.4;6;9473206183;B
20240129;095939;1609.4;10;9473206184;B
20240129;095939;1609.4;7;9473206185;B
20240129;095939;1609.4;1;9473206186;B
20240129;095939;1609.4;1;9473206187;B
20240129;095939;1609.4;4;9473206188;B
20240129;095939;1609.4;6;9473206189;B
20240129;095939;1609.4;1;9473206190;B
20240129;095939;1609.4;1;9473206191;B
20240129;095939;1609.4;20;9473206192;B
20240129;095939;1609.4;1;9473206193;B
20240129;095939;1609.4;1;9473206194;B
20240129;095939;1609.4;75;9473206195;B
20240129;095939;1609.4;1;9473206196;B
20240129;095939;1609.4;2;9473206197;B
20240129;095939;1609.4;1;9473206198;B
20240129;095939;1609.4;1;9473206199;B
20240129;095939;1609.4;1;9473206200;B
20240129;095939;1609.4;3;9473206201;S
20240129;095939;1609.4;1;9473206202;B
20240129;095939;1609.4;1;9473206203;B
20240129;095939;1609.4;5;9473206204;B
20240129;095939;1609.4;1;9473206205;B
20240129;095939;1609.4;1;9473206206;B
20240129;095939;1609.4;1;9473206207;B
20240129;095939;1609.4;1;9473206208;B
20240129;095939;1609.4;1;9473206209;B
20240129;095939;1609.4;1;9473206210;B
20240129;095939;1609.4;1;9473206211;B
20240129;095939;1609.4;3;9473206212;B
20240129;095939;1609.4;1;9473206213;B
20240129;095939;1609.4;1;9473206214;B
20240129;095939;1609.4;4;9473206215;B
20240129;095939;1609.4;1;9473206216;B
20240129;095939;1609.4;6;9473206217;B
20240129;095939;1609.4;1;9473206218;B
20240129;095939;1609.4;71;9473206219;B
20240129;095939;1609.4;401;9473206220;B
20240129;095939;1609.4;1;9473206221;B
20240129;095939;1609.4;1;9473206222;S
20240129;095939;1609.4;2;9473206223;B
20240129;095939;1609.4;1;9473206224;B
20240129;095939;1609.4;7;9473206225;B
20240129;095939;1609.4;2;9473206226;B
20240129;095939;1609.4;7;9473206227;B
20240129;095939;1609.4;4;9473206228;B
20240129;095939;1609.4;1;9473206229;B
20240129;095939;1609.4;1;9473206230;B
20240129;095939;1609.4;13;9473206231;B
20240129;095939;1609.4;7;9473206232;B
20240129;095939;1609.4;4;9473206233;B
20240129;095939;1609.4;1;9473206234;B
20240129;095939;1609.4;1;9473206235;B
20240129;095939;1609.4;10;9473206236;B
20240129;095939;1609.4;5;9473206237;B
20240129;095939;1609.4;1;9473206238;S
20240129;095939;1609.4;400;9473206239;B
20240129;095939;1609.4;2;9473206240;B
20240129;095939;1609.4;1;9473206241;B
20240129;095939;1609.4;112;9473206242;S
20240129;095939;1609.4;2;9473206243;B
20240129;095939;1609.4;1;9473206244;B
20240129;095939;1609.4;47;9473206245;B
20240129;095939;1609.4;1;9473206246;B
20240129;095939;1609.4;1;9473206247;B
20240129;095939;1609.4;1;9473206248;B
20240129;095939;1609.4;10;9473206249;B
20240129;095939;1609.4;1;9473206250;B
20240129;095939;1609.4;1;9473206251;B
20240129;095939;1609.4;1;9473206252;B
20240129;095939;1609.4;16;9473206253;B
20240129;095939;1609.4;77;9473206254;B
20240129;095939;1609.4;85;9473206255;B
20240129;095939;1609.4;65;9473206256;B
20240129;095939;1609.4;1;9473206257;B
20240129;095939;1609.4;3;9473206258;B
20240129;095939;1609.4;1;9473206259;B
20240129;095939;1609.4;16;9473206260;B
20240129;095939;1609.4;1;9473206261;B
20240129;095939;1609.4;1;9473206262;B
20240129;095939;1609.4;1;9473206263;B
20240129;095939;1609.4;1;9473206264;B
20240129;095939;1609.4;100;9473206265;B
20240129;095939;1609.4;1;9473206266;B
20240129;095939;1609.4;30;9473206267;B
20240129;095939;1609.4;3;9473206268;B
20240129;095939;1609.4;2;9473206269;B
20240129;095939;1609.4;1;9473206270;B
20240129;095939;1609.4;2;9473206271;B
20240129;095939;1609.4;2;9473206272;B
20240129;095939;1609.4;2;9473206273;B
20240129;095939;1609.4;20;9473206274;B
20240129;095939;1609.4;14;9473206275;B
20240129;095939;1609.4;1650;9473206276;B
20240129;095939;1609.4;278;9473206277;B
20240129;095939;1609.4;3;9473206278;B
20240129;095939;1609.4;1082;9473206279;S
20240129;095939;1609.4;1;9473206280;B
20240129;095939;1609.4;3;9473206281;B
20240129;095939;1609.4;1;9473206282;B
20240129;095939;1609.4;1715;9473206283;B
20240129;095939;1609.4;150;9473206284;B
20240129;095939;1609.4;9;9473206285;B
20240129;095939;1609.4;2;9473206286;B
20240129;095939;1609.4;1;9473206287;B
20240129;100000;1609;1;9473214445;S
20240129;100000;1609;3;9473214446;S
20240129;100000;1609;1;9473214447;S
20240129;100000;1609;2;9473214448;S
20240129;100000;1609;1;9473214449;S
20240129;100000;1609;5;9473214450;S
20240129;100000;1609;2;9473214451;S
20240129;100000;1609;60;9473214452;S
20240129;100000;1609;2;9473214453;S
20240129;100000;1609;1;9473214454;S
20240129;100001;1608.8;33;9473215104;B
20240129;100001;1607.2;2;9473215212;S
20240129;100001;1607.2;1;9473215255;S
20240129;100001;1607;2;9473215256;S
20240129;100001;1607;5;9473215423;S
20240129;100001;1607;3;9473215424;S
20240129;100001;1605;2;9473215425;S
20240129;100001;1605;1;9473215542;S
20240129;100001;1608;7;9473215866;B
20240129;100001;1608.8;63;9473215867;B
20240129;100001;1608.8;113;9473215868;B
20240129;100001;1608.8;113;9473215869;B
20240129;100001;1609;150;9473215870;B
20240129;100001;1609;140;9473215871;B
20240129;100001;1609;1;9473215872;B
20240129;100001;1609;1;9473215925;S
20240129;100001;1609;7;9473216015;S
20240129;100001;1609;385;9473216031;S
20240129;100002;1605;2;9473216114;S
20240129;100002;1605;7;9473216500;S
20240129;100002;1605;3;9473216501;S
20240129;100002;1604.8;29;9473216502;S
20240129;100003;1606.8;1;9473217221;B
20240129;100003;1606.8;1;9473217224;B
20240129;100003;1605.2;6;9473217226;S
20240129;100003;1606.8;1;9473217228;B
20240129;100003;1606.8;3;9473217398;B
20240129;100003;1606.8;5;9473217399;B
20240129;100003;1606.8;5;9473217400;B
20240129;100003;1606.8;5;9473217401;B
20240129;100003;1607.2;7;9473217402;B
20240129;100003;1607.2;7;9473217403;B
20240129;100003;1608;3;9473217404;B
20240129;100003;1608;63;9473217405;B
20240129;100003;1608.2;52;9473217406;B
20240129;100003;1605.4;1;9473217446;S
20240129;100003;1605.4;2;9473217447;S
20240129;100003;1608.2;1;9473217448;B
20240129;100003;1605.4;2;9473217450;S
20240129;100003;1605.4;2;9473217451;S
20240129;100004;1605.6;1;9473218304;S
20240129;100004;1605.6;2;9473218774;S
20240129;100004;1605.4;2;9473218775;S
20240129;100004;1605.4;1;9473218777;S
20240129;100004;1605.4;20;9473218780;S
20240129;100004;1605.4;1;9473218785;S
20240129;100004;1605.4;8;9473219118;S
20240129;100004;1604.8;2;9473219119;S
20240129;100004;1604.8;1;9473219121;S
20240129;100004;1607.4;1;9473219126;B
20240129;100004;1604.8;1;9473219127;S
20240129;100004;1604.8;1;9473219152;S
20240129;100004;1607.4;1;9473219156;B
20240129;100004;1607.4;1;9473219200;B
20240129;100005;1605.2;1;9473220146;S
20240129;100005;1607.4;1;9473220152;B
20240129;100005;1605.2;1;9473220153;S
20240129;100005;1607.4;1;9473220165;B
20240129;100005;1605.2;9;9473220173;S
20240129;100005;1607.4;1;9473220179;B
20240129;100005;1607.4;1;9473220188;B
20240129;100005;1605.2;1;9473220192;S
20240129;100005;1607.4;1;9473220523;B
20240129;100005;1605.2;10;9473220524;S
20240129;100005;1605.2;3;9473220525;S
20240129;100005;1605.2;1;9473221935;S
20240129;100005;1605.2;1;9473221936;S
20240129;100005;1608;1;9473221939;B
20240129;100005;1608;1;9473221940;B
20240129;100005;1608.2;2;9473221941;B
20240129;100005;1608.2;27;9473221942;B
20240129;100005;1608.4;29;9473221943;B
20240129;100005;1608.4;20;9473222066;B
20240129;100005;1608.4;1;9473222752;B
20240129;100005;1608.4;3;9473222753;B
20240129;100005;1608.4;1;9473223259;B
20240129;100005;1608.4;9;9473223260;B
20240129;100005;1605;1;9473223441;S
20240129;100005;1605;1;9473223730;S
20240129;100005;1605;1;9473223735;S
20240129;100005;1605;3;9473223737;S
20240129;100005;1604.6;2;9473223738;S
20240129;100005;1604.6;1;9473223740;S
20240129;100006;1604.6;1;9473223746;S
20240129;100006;1604.6;5;9473223783;S
20240129;100006;1604.6;5;9473223784;S
20240129;100006;1603.8;1;9473224400;S
20240129;100006;1603.8;10;9473224401;S
20240129;100006;1607.2;63;9473224403;B
20240129;100006;1607.4;2;9473224404;B
20240129;100006;1603.8;10;9473224639;S
20240129;100006;1604.2;1;9473224795;S
20240129;100006;1604.2;2;9473224796;S
20240129;100006;1607;1;9473224968;B
20240129;100006;1607;1;9473225210;B
20240129;100006;1607;1;9473225211;B
20240129;100006;1604.2;1;9473225212;S
20240129;100006;1607;23;9473225464;B
20240129;100006;1607.6;4;9473225465;B
20240129;100006;1607.6;4;9473225466;B
20240129;100006;1607.6;2;9473225467;B
20240129;100007;1608;63;9473225889;B
20240129;100007;1608.2;2;9473225890;B
20240129;100007;1608.2;1;9473226014;B
20240129;100007;1604.6;2;9473226015;S
20240129;100007;1608.2;1;9473226016;B
20240129;100007;1604.6;16;9473226017;S
20240129;100007;1604.6;1;9473226350;S
20240129;100007;1604.6;1;9473226351;S
20240129;100007;1608;1;9473226352;B
20240129;100007;1608;2;9473226354;B
20240129;100007;1608;1;9473226356;B
20240129;100007;1604.6;1;9473226527;S
20240129;100007;1607;2;9473227127;B
20240129;100008;1605;1;9473227503;S
20240129;100008;1605;1;9473227504;S
20240129;100010;1604.6;10;9473228382;S
20240129;100010;1603.8;15;9473228448;S
20240129;100010;1604.2;29;9473228649;S
20240129;100010;1605.8;2;9473228658;B
20240129;100011;1606.6;6;9473228789;B
20240129;100011;1607;2;9473228790;B
20240129;100011;1604.6;36;9473229139;S
20240129;100011;1607;1;9473229238;B
20240129;100014;1606.8;4;9473230001;B
20240129;100014;1607;32;9473230002;B
20240129;100014;1607;9;9473230016;B
20240129;100014;1605.8;10;9473230168;S
20240129;100014;1605.6;39;9473230169;S
20240129;100014;1607.4;1;9473230171;B
20240129;100018;1607.4;1;9473231905;B
20240129;100018;1607.6;1;9473231906;B
20240129;100018;1607.6;1;9473231907;B
20240129;100018;1607.8;1;9473231908;B
20240129;100018;1607.8;1;9473231909;B
20240129;100018;1607.8;1;9473231910;B
20240129;100018;1608;44;9473231911;B
20240129;100018;1605;181;9473231932;S
20240129;100018;1606.6;8;9473232124;B
20240129;100021;1606.8;5;9473233018;B
20240129;100025;1606.8;3;9473233970;B
20240129;100025;1606.8;6;9473233971;B
20240129;100025;1606.8;9;9473233975;B
20240129;100027;1606.8;49;9473234676;B
20240129;100027;1606.8;2;9473234677;B
20240129;100027;1606.8;2;9473234678;B
20240129;100027;1607;22;9473234679;B
20240129;100029;1605.4;5;9473235549;S
20240129;100029;1605.4;3;9473235689;S
20240129;100031;1605;50;9473236522;S
20240129;100032;1607;5;9473236803;B
20240129;100032;1607;2;9473236804;B
20240129;100032;1607;2;9473236805;B
20240129;100032;1607;3;9473236806;B
20240129;100032;1607;6;9473236807;B
20240129;100034;1605.4;6;9473237546;S
20240129;100037;1606.8;1;9473238140;B
20240129;100038;1607;1;9473238555;B
20240129;100041;1607;1;9473239536;B
20240129;100043;1607;1;9473239820;B
20240129;100043;1607;1;9473239822;B
20240129;100043;1607;1;9473239823;B
20240129;100043;1607;39;9473239824;B
20240129;100043;1607;1;9473239825;B
20240129;100043;1607;1;9473239826;B
20240129;100043;1607;90;9473239827;B
20240129;100043;1607;42;9473239895;B
20240129;100044;1607;40;9473240073;B
20240129;100044;1606.8;1;9473240297;S
20240129;100044;1607;1;9473240361;B
20240129;100048;1607;3;9473241380;B
20240129;100048;1607;2;9473241455;B
20240129;100053;1606.8;19;9473242436;S
20240129;100053;1607;12;9473242550;B
20240129;100053;1607;8;9473242551;B
20240129;100056;1606.8;3;9473243207;S
20240129;100057;1606.8;40;9473243470;S
20240129;100057;1606.6;20;9473243471;S
20240129;100058;1606.8;9;9473243783;S
20240129;100100;1606.8;30;9473244161;S
20240129;100102;1607;9;9473244740;B
20240129;100102;1607;6;9473244741;B
20240129;100102;1607;5;9473244742;B
20240129;100103;1606.8;63;9473244923;S
20240129;100103;1606.6;337;9473244924;S
20240129;100106;1606.8;2;9473245445;S
20240129;100106;1607;1;9473245519;B
20240129;100108;1606.6;4;9473245729;S
20240129;100108;1606.8;1;9473245784;S
20240129;100113;1606.8;2;9473246623;S
20240129;100113;1606.8;18;9473246624;S
20240129;100113;1607;2;9473246673;B
20240129;100114;1606.8;40;9473246870;S
20240129;100114;1607;42;9473246915;B
20240129;100114;1607;64;9473246916;B
20240129;100114;1607;115;9473246917;B
20240129;100114;1607;100;9473246918;B
20240129;100114;1608.4;1;9473246919;B
20240129;100114;1608.4;1;9473246920;B
20240129;100114;1608.6;181;9473246921;B
20240129;100114;1608.6;63;9473246922;B
20240129;100114;1608.6;88;9473246923;B
20240129;100114;1608.6;95;9473246924;B
20240129;100115;1607;39;9473246980;S
20240129;100115;1608.6;1;9473247029;B
20240129;100116;1607;12;9473247199;S
20240129;100116;1607;18;9473247200;S
20240129;100117;1607;58;9473247401;S
20240129;100120;1607;150;9473248140;S
20240129;100120;1607;188;9473248141;S
20240129;100121;1606.8;160;9473248248;S
20240129;100122;1606.8;1;9473248367;S
20240129;100123;1607;1;9473248778;B
20240129;100124;1606.8;1;9473248901;S
20240129;100124;1606.8;10;9473248972;S
20240129;100124;1606.8;26;9473249021;S
20240129;100126;1606.8;2;9473249461;S
20240129;100126;1606.6;12;9473249462;S
20240129;100127;1606.8;2;9473249582;B
20240129;100128;1606.8;20;9473249752;B
20240129;100128;1606.6;500;9473249899;S
20240129;100132;1606.8;1;9473250672;B
20240129;100136;1606.8;1;9473251618;B
20240129;100138;1606.8;1;9473251834;B
20240129;100139;1606.8;10;9473252037;B
20240129;100139;1606.8;3;9473252085;B
20240129;100141;1606.8;1;9473252401;B
20240129;100142;1606.8;20;9473252615;B
20240129;100146;1606.8;1;9473253309;B
20240129;100148;1606.8;4;9473253720;B
20240129;100151;1606.8;1;9473254424;B
20240129;100153;1606.6;35;9473254885;S
20240129;100155;1606.6;10;9473255284;S
20240129;100156;1606.8;60;9473255527;B
20240129;100157;1606.6;3;9473255634;S
20240129;100158;1606.6;30;9473255730;S
20240129;100158;1606.6;240;9473255805;S
20240129;100159;1606.6;6;9473255863;S
20240129;100201;1606.8;1;9473256208;B
20240129;100201;1606.6;3;9473256256;S
20240129;100203;1606.6;63;9473256649;B
20240129;100203;1606.6;37;9473256650;B
20240129;100204;1605.8;5;9473256883;S
20240129;100208;1606.6;20;9473257504;B
20240129;100209;1606.6;2;9473257579;B
20240129;100209;1606.6;8;9473257580;B
20240129;100211;1605.8;18;9473258080;S
20240129;100211;1605.8;60;9473258081;S
20240129;100211;1605.8;60;9473258082;S
20240129;100211;1605.6;1;9473258083;S
20240129;100211;1605.6;20;9473258084;S
20240129;100211;1605.2;4;9473258085;S
20240129;100211;1605.2;148;9473258086;S
20240129;100211;1605;189;9473258087;S
20240129;100212;1605.4;8;9473258342;S
20240129;100213;1605.6;10;9473258554;S
20240129;100222;1606;4;9473260390;S
20240129;100222;1605.8;6;9473260391;S
20240129;100222;1605.8;60;9473260392;S
20240129;100222;1605.6;30;9473260393;S
20240129;100224;1606.4;22;9473260763;B
20240129;100233;1605.6;14;9473262435;B
20240129;100233;1605.6;2;9473262568;S
20240129;100235;1606.2;2;9473262995;B
20240129;100240;1606.4;1;9473264034;B
20240129;100249;1606.4;1;9473265547;B
20240129;100249;1606.4;20;9473265548;B
20240129;100250;1606.6;1;9473265641;B
20240129;100251;1606.6;1;9473265965;B
20240129;100255;1606.6;1;9473266707;B
20240129;100255;1606.6;1;9473266708;B
20240129;100255;1606.8;1;9473266709;B
20240129;100258;1606.4;2;9473267152;S
20240129;100259;1606.4;70;9473267260;S
20240129;100300;1606.4;7;9473267392;S
20240129;100300;1606.2;1;9473267393;S
20240129;100300;1606;5;9473267394;S
20240129;100300;1606;60;9473267395;S
20240129;100300;1606;3;9473267396;S
20240129;100300;1606;1;9473267397;S
20240129;100300;1605.6;23;9473267398;S
20240129;100300;1605.4;21;9473267399;S
20240129;100305;1606.8;27;9473268370;B
20240129;100306;1606.8;60;9473268608;B
20240129;100309;1606.8;4;9473269061;B
20240129;100309;1606.8;2;9473269153;B
20240129;100312;1606.8;1;9473269770;B
20240129;100312;1606.2;2;9473269771;S
20240129;100315;1606.8;1;9473270313;B
20240129;100318;1606.2;6;9473270712;S
20240129;100319;1606.2;1;9473270941;S
20240129;100320;1606.2;54;9473271350;S
20240129;100320;1606.2;63;9473271351;S
20240129;100320;1606.2;60;9473271352;S
20240129;100320;1606.2;60;9473271353;S
20240129;100320;1606;25;9473271354;S
20240129;100320;1606;20;9473271355;S
20240129;100320;1606;5;9473271356;S
20240129;100320;1605.6;32;9473271357;S
20240129;100320;1605.6;32;9473271358;S
20240129;100320;1605.4;4;9473271359;S
20240129;100320;1605.4;23;9473271360;S
20240129;100320;1605.4;10;9473271361;S
20240129;100320;1605.2;25;9473271362;S
20240129;100320;1605.2;76;9473271363;S
20240129;100320;1605;11;9473271364;S
20240129;100320;1605;10;9473271365;S
20240129;100320;1605;1;9473271366;S
20240129;100320;1605;19;9473271367;S
20240129;100320;1605;2;9473271368;S
20240129;100320;1605;154;9473271369;S
20240129;100320;1604.4;2;9473271370;S
20240129;100320;1604.2;40;9473271371;S
20240129;100320;1604;500;9473271372;S
20240129;100320;1603.4;4;9473271373;S
20240129;100320;1603.4;1;9473271374;S
20240129;100320;1603.4;3;9473271375;S
20240129;100320;1603.2;20;9473271376;S
20240129;100320;1603.2;25;9473271377;S
20240129;100320;1603.2;120;9473271378;S
20240129;100320;1603.2;2;9473271379;S
20240129;100320;1603.2;450;9473271380;S
20240129;100320;1603.2;678;9473271381;S
20240129;100320;1603;3;9473271382;S
20240129;100320;1603;1;9473271383;S
20240129;100320;1603;1;9473271384;S
20240129;100320;1603;7;9473271385;S
20240129;100320;1603;2;9473271386;S
20240129;100320;1603;10;9473271387;S
20240129;100320;1603;17;9473271388;S
20240129;100320;1603;5;9473271389;S
20240129;100320;1603;1;9473271390;S
20240129;100320;1603;1;9473271391;S
20240129;100320;1603;2;9473271392;S
20240129;100320;1603;20;9473271393;S
20240129;100320;1603;300;9473271394;S
20240129;100320;1603;3;9473271395;S
20240129;100320;1603;3;9473271396;S
20240129;100320;1603;863;9473271397;S
20240129;100320;1603.2;76;9473271399;S
20240129;100320;1603.2;24;9473271400;S
20240129;100321;1604.4;40;9473271488;S
20240129;100321;1604.6;4;9473271540;S
20240129;100323;1605.8;1;9473271956;B
20240129;100327;1605.2;5;9473272849;S
20240129;100331;1605.2;2;9473273925;S
20240129;100333;1606;1;9473274240;B
20240129;100335;1604.2;1;9473274693;S
20240129;100336;1605.4;10;9473274864;B
20240129;100337;1605.8;1;9473275074;B
20240129;100341;1605;25;9473275863;S
20240129;100341;1604.8;15;9473275864;S
20240129;100349;1605;1;9473277213;B
20240129;100349;1605.2;23;9473277214;B
20240129;100349;1605.2;60;9473277215;B
20240129;100349;1605.6;38;9473277216;B
20240129;100349;1605.8;78;9473277217;B
20240129;100351;1605.6;3;9473277491;B
20240129;100352;1605;1;9473277635;S
20240129;100352;1604.6;4;9473277636;S
20240129;100357;1604.8;7;9473278770;S
20240129;100357;1604.8;20;9473278857;S
20240129;100358;1605.2;3;9473278939;B
20240129;100400;1605.2;8;9473279513;B
20240129;100400;1605.4;1;9473279514;B
20240129;100400;1605.4;10;9473279515;B
20240129;100400;1605.4;226;9473279516;B
20240129;100400;1605.4;60;9473279517;B
20240129;100400;1605.6;45;9473279518;B
20240129;100400;1605.8;1;9473279583;B
20240129;100401;1605.2;7;9473279761;S
20240129;100402;1605.2;14;9473279966;S
20240129;100402;1605.8;1;9473279977;B
20240129;100402;1606;1;9473279978;B
20240129;100402;1606;36;9473279989;B
20240129;100408;1605.2;2;9473280946;S
20240129;100409;1606;15;9473281281;B
20240129;100410;1605.2;10;9473281421;S
20240129;100411;1605.2;17;9473281656;S
20240129;100411;1605.2;60;9473281657;S
20240129;100411;1605.2;60;9473281658;S
20240129;100411;1605.2;14;9473281659;S
20240129;100411;1605;70;9473281660;S
20240129;100411;1605;30;9473281661;S
20240129;100413;1604.6;27;9473281943;S
20240129;100413;1604.4;8;9473281944;S
20240129;100414;1605;3;9473282115;B
20240129;100415;1605;1;9473282232;B
20240129;100419;1604.4;5;9473282990;S
20240129;100419;1604.2;1;9473282991;S
20240129;100420;1605;5;9473283053;B
20240129;100423;1604.2;1;9473283683;S
20240129;100426;1604.8;1;9473284644;B
20240129;100426;1604.2;50;9473284702;S
20240129;100428;1604.8;1;9473285089;B
20240129;100429;1604.8;6;9473285278;B
20240129;100429;1605;6;9473285279;B
20240129;100431;1605;1;9473285779;B
20240129;100432;1604.2;15;9473285873;S
20240129;100432;1604.2;11;9473285874;S
20240129;100432;1604.2;32;9473285875;S
20240129;100438;1604.2;3;9473286724;S
20240129;100438;1604.2;20;9473286756;S
20240129;100438;1604.2;28;9473286757;S
20240129;100440;1605;9;9473287022;B
20240129;100440;1605;9;9473287038;B
20240129;100441;1604.2;1;9473287175;S
20240129;100446;1605;1;9473288155;B
20240129;100449;1604.2;10;9473288797;S
20240129;100449;1604.2;5;9473288798;S
20240129;100451;1605;1;9473289214;B
20240129;100500;1605;2;9473290751;B
20240129;100502;1605;24;9473291321;B
20240129;100503;1605;1;9473291655;B
20240129;100508;1604.8;1;9473292654;B
20240129;100509;1604.8;1;9473292734;B
20240129;100513;1604.4;6;9473293436;S
20240129;100513;1604.4;1;9473293437;S
20240129;100513;1604.2;3;9473293438;S
20240129;100515;1604.4;2;9473293739;B
20240129;100518;1604.8;7;9473294441;B
20240129;100519;1604.4;1;9473294671;S
20240129;100520;1604.4;62;9473294752;S
20240129;100520;1604.4;60;9473294753;S
20240129;100520;1604.2;30;9473294754;S
20240129;100520;1604.2;1;9473294755;S
20240129;100520;1604.2;7;9473294756;S
20240129;100520;1604.2;60;9473294757;S
20240129;100520;1604;23;9473294758;S
20240129;100520;1604;107;9473294759;S
20240129;100523;1604.8;2;9473295269;B
20240129;100523;1604.2;10;9473295286;S
20240129;100523;1604;10;9473295287;S
20240129;100523;1604.8;1;9473295289;B
20240129;100527;1604.2;50;9473296081;B
20240129;100530;1604.6;1;9473296603;B
20240129;100530;1604.2;2;9473296748;S
20240129;100530;1604.2;1;9473296782;S
20240129;100535;1604.6;1;9473297582;B
20240129;100536;1604.2;1;9473297724;S
20240129;100536;1604.2;1;9473297811;S
20240129;100540;1604.4;2;9473298407;B
20240129;100541;1604.2;4;9473298614;S
20240129;100541;1604.2;6;9473298615;S
20240129;100544;1604;2;9473299305;S
20240129;100545;1604.4;1;9473299417;B
20240129;100546;1604;8;9473299740;S
20240129;100548;1604.4;51;9473299948;B
20240129;100548;1604.4;49;9473299949;B
20240129;100550;1604.6;1;9473300236;B
20240129;100553;1604.2;5;9473300817;S
20240129;100554;1604.2;6;9473301096;S
20240129;100558;1604;4;9473301803;S
20240129;100602;1604.6;17;9473302489;B
20240129;100603;1604.6;100;9473302520;B
20240129;100603;1604.6;100;9473302621;B
20240129;100604;1604.2;4;9473302693;S
20240129;100605;1604.6;1;9473302889;B
20240129;100608;1604.6;100;9473303452;B
20240129;100608;1604.6;100;9473303483;B
20240129;100610;1604.2;1;9473303832;S
20240129;100611;1604.6;100;9473304007;B
20240129;100613;1604.2;21;9473304418;S
20240129;100614;1604.4;60;9473304720;S
20240129;100614;1604.4;50;9473304721;S
20240129;100616;1604.4;50;9473305058;S
20240129;100616;1604.2;37;9473305059;S
20240129;100616;1604.2;38;9473305060;S
20240129;100617;1604.6;794;9473305174;B
20240129;100618;1604.6;25;9473305325;B
20240129;100618;1604.6;163;9473305326;B
20240129;100618;1604.6;62;9473305327;B
20240129;100618;1604.6;31;9473305328;B
20240129;100618;1604.4;1;9473305441;S
20240129;100619;1604.6;91;9473305593;B
20240129;100619;1604.8;26;9473305594;B
20240129;100619;1604.8;3;9473305602;B
20240129;100619;1604.6;9;9473305649;S
20240129;100619;1604.4;21;9473305650;S
20240129;100620;1604.8;6;9473305809;B
20240129;100626;1604.8;10;9473307411;B
20240129;100628;1604.6;55;9473307714;S
20240129;100628;1604.8;43;9473307715;B
20240129;100628;1604.8;57;9473307716;B
20240129;100630;1604.8;103;9473308095;B
20240129;100630;1605;277;9473308096;B
20240129;100631;1605;20;9473308216;B
20240129;100631;1605;100;9473308221;B
20240129;100632;1605;1;9473308384;B
20240129;100634;1605;100;9473308714;B
20240129;100636;1605;25;9473309029;B
20240129;100639;1605;1;9473309529;B
20240129;100645;1605;14;9473310676;B
20240129;100647;1605;25;9473311020;B
20240129;100652;1605;100;9473311970;B
20240129;100652;1605;23;9473311971;B
20240129;100653;1605;150;9473312111;B
20240129;100653;1605;1;9473312112;B
20240129;100653;1605;2;9473312113;B
20240129;100653;1605;23;9473312114;B
20240129;100653;1605;1;9473312115;B
20240129;100653;1605;91;9473312116;B
20240129;100653;1605;232;9473312117;B
20240129;100653;1605.6;49;9473312118;B
20240129;100653;1605.8;1;9473312119;B
20240129;100653;1605.8;1;9473312120;B
20240129;100653;1606;85;9473312141;B
20240129;100659;1606;3;9473313252;B
20240129;100700;1605.8;1;9473313458;S
20240129;100701;1606;50;9473313645;B
20240129;100705;1605.8;2;9473314204;S
20240129;100707;1605.8;2;9473314538;S
20240129;100708;1605.8;14;9473314755;S
20240129;100709;1606;2;9473314876;B
20240129;100709;1606;1;9473314877;B
20240129;100709;1606;1;9473314878;B
20240129;100709;1606;1;9473314879;B
20240129;100709;1605.8;10;9473315020;S
20240129;100710;1605.8;34;9473315136;S
20240129;100710;1605.8;60;9473315137;S
20240129;100710;1605.8;60;9473315138;S
20240129;100710;1605.8;63;9473315139;S
20240129;100710;1605.6;10;9473315140;S
20240129;100710;1605.4;600;9473315141;S
20240129;100710;1605.2;173;9473315142;S
20240129;100713;1606;1;9473315755;B
20240129;100714;1605.8;30;9473315881;S
20240129;100718;1605.6;1;9473316495;S
20240129;100718;1605.8;1;9473316646;S
20240129;100720;1606;10;9473316941;B
20240129;100720;1606;3;9473316948;B
20240129;100721;1606;3;9473317183;B
20240129;100722;1606;1;9473317216;B
20240129;100728;1606;83;9473318267;B
20240129;100728;1606;9;9473318268;B
20240129;100736;1606;1;9473319672;B
20240129;100736;1606;1;9473319673;B
20240129;100741;1605.8;10;9473320522;S
20240129;100741;1605.8;5;9473320629;S
20240129;100742;1606;1;9473320709;B
20240129;100746;1606;1;9473321509;B
20240129;100747;1606;5;9473321653;B
20240129;100751;1606;53;9473322222;B
20240129;100751;1606;9;9473322223;B
20240129;100751;1606;3;9473322224;B
20240129;100751;1606.2;1;9473322225;B
20240129;100751;1606.6;34;9473322226;B
20240129;100751;1606.8;304;9473322227;B
20240129;100751;1606.8;16;9473322228;B
20240129;100751;1606.8;30;9473322229;B
20240129;100800;1606.8;1;9473323850;B
20240129;100801;1606.8;34;9473324321;B
20240129;100801;1606.8;20;9473324322;B
20240129;100801;1607;30;9473324323;B
20240129;100801;1607;1;9473324351;B
20240129;100803;1606.6;3;9473324708;S
20240129;100805;1606.6;1;9473325131;S
20240129;100805;1606.6;1;9473325132;S
20240129;100806;1606.4;2;9473325345;S
20240129;100807;1606.4;1;9473325863;S
20240129;100809;1607;32;9473326228;B
20240129;100810;1607;32;9473326428;B
20240129;100810;1606.4;13;9473326497;S
20240129;100813;1607;32;9473327061;B
20240129;100822;1607;5;9473328308;B
20240129;100822;1607;5;9473328522;B
20240129;100823;1607;63;9473328566;B
20240129;100823;1607;10;9473328567;B
20240129;100823;1607;25;9473328568;B
20240129;100823;1607;1;9473328569;B
20240129;100823;1607;1;9473328570;B
20240129;100823;1607;50;9473328571;B
20240129;100824;1607;1;9473328794;B
20240129;100825;1606.4;4;9473329099;S
20240129;100827;1607;32;9473329330;B
20240129;100827;1607;18;9473329492;B
20240129;100827;1607;32;9473329493;B
20240129;100827;1607;8;9473329501;B
20240129;100833;1607;31;9473330696;S
20240129;100833;1607;3;9473330697;S
20240129;100840;1606.8;1;9473332029;B
20240129;100842;1606.8;1;9473332336;B
20240129;100847;1606.8;1;9473333168;B
20240129;100847;1606.8;3;9473333180;B
20240129;100851;1606.4;9;9473333897;S
20240129;100851;1606.4;1;9473333898;S
20240129;100851;1606;20;9473333899;S
20240129;100851;1606.4;8;9473333994;B
20240129;100854;1606.4;10;9473334428;B
20240129;100855;1606.4;51;9473334845;B
20240129;100855;1606.6;144;9473334846;B
20240129;100856;1605.8;5;9473335047;S
20240129;100858;1606.4;1;9473335551;B
20240129;100858;1605.8;5;9473335621;S
20240129;100858;1605.8;13;9473335622;S
20240129;100859;1606.4;1;9473335654;B
20240129;100859;1605.8;30;9473335655;S
20240129;100859;1605.8;50;9473335656;S
20240129;100859;1605.6;13;9473335657;S
20240129;100859;1605.6;63;9473335658;S
20240129;100859;1605.4;226;9473335659;S
20240129;100859;1605.4;77;9473335660;S
20240129;100859;1605.4;41;9473335661;S
20240129;100859;1605.4;182;9473335662;S
20240129;100859;1605.2;100;9473335695;S
20240129;100859;1605.4;7;9473335723;B
20240129;100900;1605.2;1;9473335903;S
20240129;100901;1605.4;2;9473335951;B
20240129;100901;1605.2;1;9473335987;S
20240129;100902;1605.2;100;9473336190;S
20240129;100903;1605.2;23;9473336260;S
20240129;100904;1605.4;16;9473336538;B
20240129;100905;1605.2;400;9473336580;S
20240129;100905;1605.4;1;9473336607;B
20240129;100905;1605.2;100;9473336668;S
20240129;100905;1605.2;61;9473336670;S
20240129;100906;1605.4;150;9473336904;B
20240129;100909;1605.4;1;9473337536;B
20240129;100910;1605.4;87;9473337627;B
20240129;100914;1605.4;1;9473338254;B
20240129;100915;1605.4;16;9473338374;B
20240129;100916;1605.4;37;9473338619;B
20240129;100916;1605.4;13;9473338620;B
20240129;100916;1605.4;9;9473338647;B
20240129;100917;1605.4;7;9473338718;B
20240129;100917;1605.4;3;9473338814;B
20240129;100917;1605.4;16;9473338900;B
20240129;100919;1605.4;52;9473339132;B
20240129;100919;1605.4;2;9473339280;S
20240129;100924;1606.4;7;9473340330;B
20240129;100924;1606.4;9;9473340331;B
20240129;100926;1606.4;1;9473340682;B
20240129;100927;1606.6;16;9473340918;B
20240129;100928;1606.6;4;9473340946;B
20240129;100930;1606.6;5;9473341210;B
20240129;100939;1606.6;4;9473342648;B
20240129;100939;1606.6;76;9473342710;B
20240129;100945;1606.2;1;9473343724;S
20240129;100946;1606.6;6;9473343929;B
20240129;100949;1606.6;1;9473344490;B
20240129;100953;1606.2;5;9473345071;S
20240129;100953;1606;5;9473345087;S
20240129;100954;1606.4;12;9473345232;B
20240129;100954;1606.6;114;9473345233;B
20240129;100954;1606.6;1;9473345234;B
20240129;100954;1606.6;150;9473345235;B
20240129;100957;1606.6;8;9473345582;S
20240129;100957;1606.8;100;9473345600;B
20240129;100957;1606.8;65;9473345646;B
20240129;100959;1606.8;1;9473345807;B
20240129;101001;1606.6;25;9473346117;S
20240129;101002;1606.8;1;9473346513;B
20240129;101004;1606.6;14;9473346840;S
20240129;101004;1606.8;1;9473346968;B
20240129;101010;1606.8;95;9473348219;B
20240129;101011;1606.8;1;9473348285;B
20240129;101012;1606.8;3;9473348455;B
20240129;101012;1606.6;3;9473348504;S
20240129;101013;1606.8;33;9473348666;B
20240129;101013;1606.8;117;9473348667;B
20240129;101015;1606.6;3;9473348950;S
20240129;101015;1606.6;5;9473349016;S
20240129;101016;1606.6;5;9473349210;S
20240129;101016;1606.8;2;9473349211;B
20240129;101017;1606.6;1;9473349575;S
20240129;101019;1606.6;1;9473349923;S
20240129;101020;1606.8;1;9473350050;B
20240129;101022;1606.8;3;9473350359;B
20240129;101023;1606.8;6;9473350490;B
20240129;101025;1606.6;1;9473350842;S
20240129;101027;1606.6;1;9473351112;S
20240129;101032;1606.8;7;9473352042;B
20240129;101032;1606.8;3;9473352070;B
20240129;101034;1606.8;5;9473352301;B
20240129;101034;1606.8;1;9473352302;B
20240129;101037;1606.6;1;9473352906;S
20240129;101037;1606.8;50;9473353019;B
20240129;101038;1606.6;500;9473353381;S
20240129;101039;1606.8;1;9473353590;B
20240129;101041;1606.8;2;9473353885;B
20240129;101044;1606.8;5;9473354173;B
20240129;101045;1606.8;1;9473354360;B
20240129;101048;1606.8;1;9473354900;B
20240129;101048;1606.6;1;9473354913;S
20240129;101048;1606.6;2;9473354969;S
20240129;101049;1606.8;1;9473355099;B
20240129;101049;1606.8;20;9473355159;B
20240129;101050;1606.8;1;9473355241;B
20240129;101051;1606.8;8;9473355349;B
20240129;101051;1607;492;9473355350;B
20240129;101053;1606.8;1;9473355823;S
20240129;101054;1607;5;9473356025;B
20240129;101058;1607;1;9473356588;B
20240129;101100;1607;6;9473356934;B
20240129;101101;1607;1;9473357149;B
20240129;101102;1607;30;9473357345;B
20240129;101104;1606.8;11;9473357574;S
20240129;101105;1607;5;9473358054;B
20240129;101106;1607;35;9473358236;B
20240129;101107;1606.8;13;9473358516;S
20240129;101111;1607;99;9473359415;B
20240129;101111;1607;102;9473359416;B
20240129;101113;1606.8;2;9473359788;S
20240129;101117;1606.8;3;9473360461;S
20240129;101118;1607;50;9473360567;B
20240129;101119;1607;1;9473360888;B
20240129;101122;1607;1;9473361389;B
20240129;101124;1606.8;10;9473361662;S
20240129;101125;1607;20;9473361814;B
20240129;101125;1607;1;9473361817;B
20240129;101127;1607;10;9473361995;B
20240129;101129;1607;1;9473362246;B
20240129;101130;1606.8;3;9473362384;S
20240129;101135;1607;1;9473363166;B
20240129;101136;1606.8;15;9473363384;S
20240129;101136;1606.8;4;9473363401;S
20240129;101137;1606.8;1;9473363568;S
20240129;101138;1607;5;9473363676;B
20240129;101140;1607;2;9473363927;B
20240129;101140;1607;13;9473363932;B
20240129;101146;1607;30;9473364862;B
20240129;101147;1607;50;9473364923;B
20240129;101148;1606.8;14;9473365022;S
20240129;101149;1607;5;9473365148;B
20240129;101151;1607;30;9473365445;B
20240129;101152;1607;6;9473365475;B
20240129;101154;1607;2;9473365992;B
20240129;101155;1606.8;37;9473366019;S
20240129;101155;1606.8;1;9473366020;S
20240129;101155;1606.8;120;9473366021;S
20240129;101155;1606.8;50;9473366022;S
20240129;101155;1606.8;29;9473366023;S
20240129;101155;1606.8;63;9473366024;S
20240129;101200;1606.8;20;9473366995;S
20240129;101200;1607;1102;9473367064;B
20240129;101200;1607;175;9473367065;B
20240129;101200;1607;2;9473367066;B
20240129;101200;1607;300;9473367067;B
20240129;101200;1607;1;9473367068;B
20240129;101200;1607;120;9473367069;B
20240129;101200;1607;25;9473367093;B
20240129;101200;1607;1;9473367143;B
20240129;101201;1606.8;1;9473367298;S
20240129;101201;1607;2;9473367311;B
20240129;101201;1607;10;9473367312;B
20240129;101201;1607;2;9473367313;B
20240129;101201;1607.2;1;9473367314;B
20240129;101201;1607.4;5;9473367315;B
20240129;101201;1607.4;20;9473367316;B
20240129;101201;1607.4;1;9473367317;B
20240129;101201;1607.4;1;9473367318;B
20240129;101201;1607.8;2;9473367319;B
20240129;101201;1607.8;150;9473367320;B
20240129;101201;1607.8;10;9473367321;B
20240129;101201;1607.8;14;9473367322;B
20240129;101201;1608;1;9473367323;B
20240129;101201;1608;1;9473367324;B
20240129;101201;1608;180;9473367325;B
20240129;101201;1607;50;9473367330;S
20240129;101201;1608;4;9473367364;B
20240129;101204;1607.4;1;9473367919;S
20240129;101206;1607.4;19;9473368201;S
20240129;101210;1607.4;1;9473369229;S
20240129;101210;1607;63;9473369230;S
20240129;101210;1607;310;9473369237;B
20240129;101210;1607;60;9473369238;B
20240129;101210;1607;60;9473369239;B
20240129;101210;1607.6;7;9473369240;B
20240129;101210;1607.8;152;9473369241;B
20240129;101213;1607.8;1;9473370099;B
20240129;101215;1607;2;9473370355;S
20240129;101225;1607;1;9473371756;S
20240129;101225;1607.4;1;9473371765;B
20240129;101230;1607.2;1;9473372765;B
20240129;101233;1607.4;1;9473373426;B
20240129;101233;1607.2;25;9473373514;S
20240129;101234;1607.4;12;9473373595;B
20240129;101235;1607.2;40;9473373739;S
20240129;101235;1607;60;9473373740;S
20240129;101235;1607;2;9473373741;S
20240129;101235;1606.8;18;9473373742;S
20240129;101235;1607.4;19;9473373744;B
20240129;101241;1607;5;9473374535;S
20240129;101241;1607;2;9473374536;S
20240129;101241;1606.8;43;9473374537;S
20240129;101244;1607.2;18;9473375107;B
20240129;101251;1606.8;20;9473376200;S
20240129;101253;1607;5;9473376502;B
20240129;101256;1606.8;1;9473377133;S
20240129;101256;1607;4;9473377139;B
20240129;101257;1607;7;9473377396;B
20240129;101259;1606.8;1;9473377692;S
20240129;101300;1607;31;9473377900;B
20240129;101300;1607;1;9473377954;B
20240129;101303;1606.8;3;9473378396;S
20240129;101303;1606.8;1;9473378588;S
20240129;101305;1606.8;27;9473378878;S
20240129;101307;1606.8;1;9473379368;S
20240129;101309;1606.8;2;9473379744;S
20240129;101310;1607;2;9473380056;B
20240129;101313;1607;30;9473380908;B
20240129;101315;1607;4;9473381357;B
20240129;101320;1606.8;49;9473382357;S
20240129;101320;1606.8;36;9473382358;S
20240129;101320;1606.8;120;9473382359;S
20240129;101320;1606.6;75;9473382360;S
20240129;101325;1606.6;1;9473383162;S
20240129;101326;1606.8;1;9473383382;B
20240129;101328;1606.6;25;9473383837;S
20240129;101328;1606.6;1;9473383841;S
20240129;101329;1606.6;1;9473383923;S
20240129;101329;1606.6;30;9473383927;S
20240129;101330;1606.8;6;9473384063;B
20240129;101335;1606.6;100;9473384922;S
20240129;101340;1606.6;40;9473385722;S
20240129;101340;1606.6;2;9473385723;S
20240129;101341;1606.8;8;9473385777;B
20240129;101342;1606.8;48;9473386040;B
20240129;101347;1607;96;9473386945;B
20240129;101347;1607;5;9473386946;B
20240129;101347;1607;87;9473386947;B
20240129;101347;1607;10;9473386948;B
20240129;101347;1607;6;9473386949;B
20240129;101350;1607.2;1;9473387544;B
20240129;101353;1607;2;9473388040;S
20240129;101356;1607;2;9473388637;S
20240129;101356;1607;10;9473388755;S
20240129;101357;1607.2;1;9473388936;B
20240129;101359;1607;225;9473389593;S
20240129;101404;1607;26;9473390671;S
20240129;101409;1607.2;1;9473391412;B
20240129;101410;1607.2;1;9473391525;B
20240129;101423;1607.2;1;9473393319;B
20240129;101424;1607.2;3;9473393590;B
20240129;101425;1607;1;9473393693;S
20240129;101426;1607.2;1;9473393745;B
20240129;101426;1607;2;9473393816;S
20240129;101426;1607.2;10;9473393830;B
20240129;101431;1607;3;9473394695;S
20240129;101436;1607;2;9473395400;S
20240129;101436;1607.2;4;9473395407;B
20240129;101437;1607;75;9473395503;S
20240129;101439;1607.2;15;9473395915;B
20240129;101440;1607.2;2;9473395980;B
20240129;101440;1607;8;9473395991;S
20240129;101440;1607.2;1;9473396002;B
20240129;101440;1607.2;41;9473396029;B
20240129;101440;1607.2;3;9473396030;B
20240129;101440;1607.2;10;9473396031;B
20240129;101440;1607.2;17;9473396032;B
20240129;101440;1607.2;1;9473396033;B
20240129;101440;1607.2;28;9473396034;B
20240129;101442;1607.2;1;9473396269;B
20240129;101447;1607;1;9473396908;S
20240129;101449;1607;439;9473397153;S
20240129;101449;1607;2;9473397154;S
20240129;101449;1607;10;9473397155;S
20240129;101449;1607;30;9473397156;S
20240129;101449;1607;124;9473397157;S
20240129;101449;1607;1;9473397158;S
20240129;101449;1607;1;9473397191;B
20240129;101450;1607;1;9473397226;B
20240129;101452;1606.8;102;9473397500;S
20240129;101452;1606.8;2;9473397501;S
20240129;101452;1606.8;1;9473397502;S
20240129;101452;1606.8;1;9473397503;S
20240129;101452;1606.8;10;9473397504;S
20240129;101452;1606.8;3;9473397505;S
20240129;101452;1606.6;4;9473397506;S
20240129;101452;1606.6;5;9473397525;S
20240129;101452;1606.8;13;9473397560;B
20240129;101452;1606.6;2;9473397561;S
20240129;101454;1606.8;2;9473397680;B
20240129;101455;1606.8;28;9473397869;B
20240129;101457;1606.6;3;9473398058;S
20240129;101458;1606.8;110;9473398291;B
20240129;101458;1606.8;30;9473398322;B
20240129;101459;1606.8;1;9473398345;B
20240129;101459;1606.6;1;9473398402;S
20240129;101501;1606.8;3;9473398673;B
20240129;101501;1606.6;100;9473398696;S
20240129;101502;1606.8;1;9473398884;B
20240129;101504;1606.6;85;9473399326;S
20240129;101505;1606.8;2;9473399435;B
20240129;101506;1606.6;1;9473399672;S
20240129;101506;1606.6;1;9473399682;S
20240129;101507;1606.6;50;9473399869;S
20240129;101507;1606.6;1;9473399870;S
20240129;101507;1606.8;3;9473399886;B
20240129;101510;1606.8;3;9473400208;B
20240129;101510;1606.6;1;9473400209;S
20240129;101511;1606.8;2;9473400355;B
20240129;101511;1606.6;1;9473400356;S
20240129;101512;1606.6;1;9473400425;S
20240129;101512;1606.6;2;9473400477;S
20240129;101512;1606.8;3;9473400481;B
20240129;101513;1606.6;1;9473400620;S
20240129;101513;1606.6;1;9473400621;S
20240129;101515;1606.8;2;9473400860;B
20240129;101515;1606.6;1;9473400876;S
20240129;101515;1606.8;6;9473400891;B
20240129;101515;1606.6;22;9473400911;S
20240129;101515;1606.8;50;9473400921;B
20240129;101515;1606.6;1;9473400948;S
20240129;101518;1606.6;1;9473401523;S
20240129;101519;1606.6;2;9473401646;S
20240129;101519;1606.6;1;9473401647;S
20240129;101521;1606.6;1;9473402014;S
20240129;101521;1606.6;3;9473402129;S
20240129;101522;1606.6;3;9473402274;S
20240129;101523;1606.6;2;9473402409;S
20240129;101525;1606.8;1;9473402768;B
20240129;101526;1606.6;10;9473402926;S
20240129;101526;1606.6;1;9473402927;S
20240129;101527;1606.6;1;9473403177;S
20240129;101528;1606.6;1;9473403316;S
20240129;101529;1606.6;1;9473403493;S
20240129;101533;1606.6;2;9473404211;S
20240129;101534;1606.6;1;9473404370;S
20240129;101536;1606.6;1;9473404647;S
20240129;101537;1606.6;2;9473404778;S
20240129;101541;1606.6;1;9473405477;S
20240129;101541;1606.6;1;9473405478;S
20240129;101541;1606.6;13;9473405487;S
20240129;101541;1606.6;10;9473405503;S
20240129;101542;1606.6;1;9473405693;S
20240129;101543;1606.6;4;9473405774;S
20240129;101543;1606.6;2;9473405775;S
20240129;101543;1606.8;1;9473405844;B
20240129;101546;1606.6;2;9473406379;S
20240129;101546;1606.6;2;9473406380;S
20240129;101547;1606.6;1;9473406634;S
20240129;101547;1606.8;30;9473406653;B
20240129;101547;1606.6;1;9473406654;S
20240129;101548;1606.6;1;9473406702;S
20240129;101548;1606.6;1;9473406709;S
20240129;101551;1606.6;1;9473407289;S
20240129;101551;1606.6;2;9473407293;S
20240129;101552;1606.6;1;9473407555;S
20240129;101552;1606.6;1;9473407678;S
20240129;101552;1606.6;1;9473407679;S
20240129;101554;1606.6;1;9473407975;S
20240129;101554;1606.8;10;9473407977;B
20240129;101554;1606.8;1;9473408112;B
20240129;101555;1606.6;1;9473408268;S
20240129;101555;1606.6;2;9473408312;S
20240129;101557;1606.6;1;9473408499;S
20240129;101557;1606.6;2;9473408500;S
20240129;101557;1606.6;10;9473408535;S
20240129;101557;1606.6;1;9473408669;S
20240129;101558;1606.6;1;9473408865;S
20240129;101559;1606.6;1;9473408928;S
20240129;101600;1606.6;99;9473409225;S
20240129;101601;1606.6;2;9473409490;S
20240129;101602;1606.6;2;9473409919;S
20240129;101602;1606.6;15;9473410014;S
20240129;101603;1606.6;14;9473410026;S
20240129;101604;1606.6;1;9473410285;S
20240129;101604;1606.6;7;9473410458;S
20240129;101604;1606.6;5;9473410462;S
20240129;101604;1606.6;50;9473410468;S
20240129;101605;1606.8;1;9473410534;B
20240129;101605;1606.6;1;9473410602;S
20240129;101606;1606.8;1;9473410734;B
20240129;101606;1606.6;3;9473410735;S
20240129;101606;1606.6;1;9473410787;S
20240129;101606;1606.8;1;9473410851;B
20240129;101606;1606.6;1;9473410852;S
20240129;101606;1606.6;1;9473410929;S
20240129;101607;1606.6;1;9473410999;S
20240129;101607;1606.6;2;9473411033;S
20240129;101607;1606.6;1;9473411047;S
20240129;101607;1606.6;1;9473411073;S
20240129;101608;1606.6;2;9473411229;S
20240129;101610;1606.6;2;9473411835;S
20240129;101611;1606.6;1;9473412013;S
20240129;101611;1606.6;1;9473412101;S
20240129;101614;1606.6;1;9473412644;S
20240129;101614;1606.6;5;9473412645;S
20240129;101615;1606.6;2;9473412871;S
20240129;101618;1606.6;10;9473413373;S
20240129;101619;1606.8;1;9473413480;B
20240129;101619;1606.6;2;9473413541;S
20240129;101621;1606.8;2;9473413837;B
20240129;101621;1606.6;1;9473413838;S
20240129;101623;1606.6;1;9473414138;S
20240129;101624;1606.6;1;9473414370;S
20240129;101624;1606.8;3;9473414428;B
20240129;101624;1606.6;3;9473414458;S
20240129;101625;1606.6;1;9473414591;S
20240129;101625;1606.6;2;9473414592;S
20240129;101627;1606.6;97;9473415096;S
20240129;101627;1606.6;1;9473415097;S
20240129;101627;1606.6;1;9473415098;S
20240129;101627;1606.6;31;9473415099;S
20240129;101627;1606.6;1;9473415100;S
20240129;101627;1606.6;1;9473415101;S
20240129;101627;1606.6;150;9473415102;S
20240129;101629;1606.6;1;9473415469;B
20240129;101629;1606.6;12;9473415530;B
20240129;101631;1606.4;4;9473415941;S
20240129;101631;1606.2;5;9473415942;S
20240129;101631;1606.2;1;9473415943;S
20240129;101631;1606;1;9473415944;S
20240129;101631;1606;16;9473415945;S
20240129;101631;1606;3;9473415946;S
20240129;101631;1606;1;9473415947;S
20240129;101631;1605.6;2;9473415948;S
20240129;101631;1605.6;10;9473415949;S
20240129;101631;1605.6;81;9473415950;S
20240129;101631;1605.6;23;9473415951;S
20240129;101631;1605.4;5;9473415952;S
20240129;101631;1605.4;1;9473415953;S
20240129;101631;1605.4;226;9473415954;S
20240129;101631;1605.4;31;9473415955;S
20240129;101631;1605.4;30;9473415956;S
20240129;101631;1605.2;60;9473415957;S
20240129;101631;1605.4;63;9473415985;S
20240129;101634;1605.6;63;9473416596;B
20240129;101634;1605.8;200;9473416597;B
20240129;101634;1606;60;9473416598;B
20240129;101634;1606;60;9473416599;B
20240129;101634;1606.2;17;9473416600;B
20240129;101636;1606;1;9473416996;B
20240129;101638;1606;4;9473417471;B
20240129;101640;1605.2;52;9473417791;S
20240129;101641;1605.2;1;9473417939;S
20240129;101645;1605.2;1;9473418699;S
20240129;101648;1606;1;9473419271;B
20240129;101656;1606;57;9473420927;B
20240129;101656;1606;5;9473420928;B
20240129;101656;1606;60;9473420929;B
20240129;101656;1606;1;9473420930;S
20240129;101657;1606;10;9473421025;S
20240129;101658;1606;3;9473421242;S
20240129;101658;1606;4;9473421275;S
20240129;101659;1606;1;9473421576;S
20240129;101702;1606.2;1;9473422027;B
20240129;101704;1606.2;1;9473422430;B
20240129;101706;1606;8;9473422980;S
20240129;101706;1606;4;9473422981;S
20240129;101707;1606.2;5;9473423078;B
20240129;101707;1606;1;9473423079;S
20240129;101707;1606;1;9473423134;S
20240129;101707;1606;1;9473423208;S
20240129;101709;1606;3;9473423526;S
20240129;101711;1606;1;9473424095;S
20240129;101711;1606;1;9473424096;S
20240129;101712;1606.2;20;9473424265;B
20240129;101712;1606.2;1;9473424266;B
20240129;101712;1606.2;4;9473424267;B
20240129;101712;1606;1;9473424283;S
20240129;101713;1606;1;9473424399;S
20240129;101715;1606;33;9473424770;S
20240129;101716;1606;1;9473425016;S
20240129;101717;1606;20;9473425223;S
20240129;101717;1606;1;9473425224;S
20240129;101719;1606.2;1;9473425504;B
20240129;101719;1606;2;9473425505;S
20240129;101719;1606;1;9473425630;S
20240129;101720;1606;1;9473425879;S
20240129;101720;1606;2;9473425937;S
20240129;101720;1606;1;9473425938;S
20240129;101720;1606.2;21;9473426036;B
20240129;101720;1606.2;12;9473426037;B
20240129;101722;1606;1;9473426324;S
20240129;101723;1606;2;9473426689;S
20240129;101723;1606.2;6;9473426708;B
20240129;101725;1606;3;9473426974;S
20240129;101725;1606;1;9473426975;S
20240129;101726;1606;5;9473427267;S
20240129;101726;1606;4;9473427268;S
20240129;101726;1606.2;1;9473427282;B
20240129;101726;1606;59;9473427328;S
20240129;101726;1606;3;9473427329;S
20240129;101733;1605.2;2;9473428646;S
20240129;101733;1605.2;2;9473428676;S
20240129;101733;1605.2;2;9473428708;S
20240129;101733;1605.4;2;9473428718;B
20240129;101733;1605.4;48;9473428719;B
20240129;101733;1605.2;2;9473428740;S
20240129;101735;1605.2;1;9473429048;S
20240129;101737;1605.2;1;9473429420;S
20240129;101737;1605.2;67;9473429421;S
20240129;101737;1605.4;1;9473429579;B
20240129;101743;1605.2;1;9473430635;S
20240129;101743;1605.4;1;9473430659;B
20240129;101746;1605.4;5;9473431119;B
20240129;101748;1605.4;2;9473431578;B
20240129;101748;1605.4;3;9473431579;B
20240129;101750;1605.2;1;9473432013;S
20240129;101750;1605.2;9;9473432082;S
20240129;101756;1605.2;1;9473433050;S
20240129;101756;1605.2;138;9473433117;S
20240129;101756;1605.2;1;9473433118;S
20240129;101756;1605.2;2;9473433119;S
20240129;101759;1605.4;1;9473433823;B
20240129;101759;1605.2;1;9473433904;S
20240129;101803;1605.2;2;9473434751;S
20240129;101803;1605;30;9473434752;S
20240129;101803;1605;4;9473434753;S
20240129;101803;1605;10;9473434754;S
20240129;101803;1605;2;9473434755;S
20240129;101803;1605;1;9473434756;S
20240129;101803;1605;1;9473434757;S
20240129;101803;1605;1;9473434758;S
20240129;101803;1604.8;3;9473434759;S
20240129;101803;1604.8;3;9473434760;S
20240129;101803;1604.6;2;9473434761;S
20240129;101803;1604.6;13;9473434762;S
20240129;101804;1605.2;1;9473434893;B
20240129;101805;1605.2;1;9473435165;B
20240129;101808;1604.6;31;9473435666;S
20240129;101808;1604.4;310;9473435667;S
20240129;101808;1604.2;300;9473435668;S
20240129;101808;1604.2;15;9473435669;S
20240129;101808;1604;3;9473435670;S
20240129;101808;1604;30;9473435671;S
20240129;101808;1604;1;9473435672;S
20240129;101808;1604;5;9473435673;S
20240129;101808;1604.8;1;9473435729;B
20240129;101809;1604;2;9473435794;S
20240129;101809;1604;1;9473435795;S
20240129;101809;1604;17;9473435796;S
20240129;101809;1604;13;9473435888;S
20240129;101809;1604;64;9473435889;S
20240129;101809;1603.8;22;9473435890;S
20240129;101809;1603.6;3;9473435891;S
20240129;101809;1603.6;1;9473435892;S
20240129;101809;1603.6;23;9473435893;S
20240129;101809;1603.6;63;9473435894;S
20240129;101809;1603.6;77;9473435895;S
20240129;101809;1603.6;34;9473435896;S
20240129;101810;1603.6;2;9473436095;S
20240129;101812;1604.2;1;9473436377;B
20240129;101814;1604.2;10;9473436713;B
20240129;101816;1604.2;11;9473437121;B
20240129;101816;1604.2;15;9473437122;B
20240129;101824;1603.8;12;9473438499;S
20240129;101826;1603.8;51;9473438974;S
20240129;101826;1603.8;3;9473438975;S
20240129;101826;1603.6;46;9473438976;S
20240129;101827;1603.6;63;9473439210;S
20240129;101827;1603.4;1;9473439211;S
20240129;101827;1603.4;11;9473439212;S
20240129;101827;1603.4;39;9473439213;S
20240129;101827;1603.2;15;9473439214;S
20240129;101827;1603.2;10;9473439215;S
20240129;101827;1603.2;31;9473439216;S
20240129;101829;1604.2;1;9473439565;B
20240129;101831;1604;39;9473439848;S
20240129;101832;1604;4;9473439992;S
20240129;101833;1604.2;1;9473440070;B
20240129;101833;1604.2;22;9473440105;B
20240129;101833;1604.2;5;9473440106;B
20240129;101833;1604.2;41;9473440107;B
20240129;101833;1604.4;7;9473440108;B
20240129;101834;1605;23;9473440275;B
20240129;101834;1605;41;9473440276;B
20240129;101835;1604;59;9473440317;S
20240129;101835;1604;19;9473440318;S
20240129;101835;1604;118;9473440319;S
20240129;101835;1604;63;9473440320;S
20240129;101835;1604;22;9473440321;S
20240129;101835;1604;23;9473440322;S
20240129;101835;1603.8;400;9473440323;S
20240129;101835;1603.6;40;9473440324;S
20240129;101835;1603.4;20;9473440325;S
20240129;101835;1603.4;20;9473440326;S
20240129;101835;1603.4;60;9473440327;S
20240129;101835;1603.2;69;9473440328;S
20240129;101835;1603.2;3;9473440329;S
20240129;101835;1603.2;84;9473440330;S
20240129;101842;1604;1;9473441610;S
20240129;101844;1604.2;17;9473441931;B
20240129;101844;1604;2;9473441978;S
20240129;101844;1604.2;1;9473442019;B
20240129;101845;1604.2;4;9473442238;B
20240129;101845;1604.2;58;9473442239;B
20240129;101853;1604.2;1;9473443650;B
20240129;101853;1604;1;9473443782;S
20240129;101854;1604;36;9473443944;S
20240129;101854;1604;1;9473443945;S
20240129;101854;1603.6;63;9473443946;S
20240129;101854;1603.6;10;9473443947;S
20240129;101854;1603.4;63;9473443948;S
20240129;101854;1603.4;27;9473443949;S
20240129;101855;1604.2;4;9473444062;B
20240129;101857;1603.6;1;9473444422;S
20240129;101900;1604.2;20;9473444740;B
20240129;101904;1604.2;1;9473445770;B
20240129;101907;1604.2;1;9473446424;B
20240129;101911;1604;1;9473447139;S
20240129;101913;1603.8;2;9473447409;S
20240129;101918;1603.8;1;9473448170;S
20240129;101919;1604;1;9473448343;B
20240129;101921;1604;50;9473448512;B
20240129;101921;1603.8;17;9473448568;S
20240129;101924;1603.8;19;9473449248;B
20240129;101927;1603.8;34;9473449598;B
20240129;101927;1603.8;60;9473449599;B
20240129;101927;1604;149;9473449600;B
20240129;101927;1604;57;9473449601;B
20240129;101928;1603.4;81;9473449868;S
20240129;101934;1604;148;9473450580;B
20240129;101934;1604.2;1;9473450581;B
20240129;101934;1604.2;100;9473450582;B
20240129;101934;1604.2;60;9473450583;B
20240129;101934;1604.4;60;9473450584;B
20240129;101934;1604.6;23;9473450585;B
20240129;101934;1605;12;9473450586;B
20240129;101934;1605.2;60;9473450587;B
20240129;101934;1605.2;226;9473450588;B
20240129;101934;1605.2;101;9473450589;B
20240129;101934;1605.2;63;9473450590;B
20240129;101934;1605.4;46;9473450591;B
20240129;101941;1603.8;150;9473451573;B
20240129;101942;1604;15;9473451718;S
20240129;101945;1604;16;9473452048;S
20240129;101947;1604.4;63;9473452376;S
20240129;101947;1604.2;50;9473452377;S
20240129;101947;1604.2;55;9473452378;S
20240129;101947;1604;23;9473452379;S
20240129;101947;1604;51;9473452380;S
20240129;101947;1604;60;9473452381;S
20240129;101947;1603.8;198;9473452382;S
20240129;101949;1604;1;9473452655;S
20240129;101950;1604.6;4;9473452782;B
20240129;101950;1604;4;9473452841;S
20240129;101950;1604;6;9473452842;S
20240129;101953;1604.6;1;9473453208;B
20240129;101958;1604;6;9473453824;S
20240129;101959;1604.6;15;9473453896;B
20240129;101959;1604.6;20;9473453897;B
20240129;101959;1604.8;10;9473453898;B
20240129;101959;1604;6;9473453964;S
20240129;102003;1605;13;9473454432;B
20240129;102007;1604.6;300;9473454880;S
20240129;102007;1604;38;9473454881;S
20240129;102007;1604;226;9473454882;S
20240129;102007;1604;13;9473454883;S
20240129;102007;1604;63;9473454884;S
20240129;102007;1603.8;273;9473454885;S
20240129;102007;1603.8;60;9473454886;S
20240129;102007;1603.8;4;9473454887;S
20240129;102007;1603.8;80;9473454888;S
20240129;102007;1603.8;23;9473454889;S
20240129;102007;1603.8;10;9473454890;S
20240129;102007;1603.8;60;9473454891;S
20240129;102007;1603.6;1;9473455005;S
20240129;102013;1603.4;9;9473456317;S
20240129;102021;1603.4;1;9473459382;S
20240129;102027;1603.4;1;9473462288;S
20240129;102027;1603.6;16;9473462411;B
20240129;102027;1603.6;34;9473462412;B
20240129;102034;1603.4;11;9473464986;S
20240129;102037;1603.4;20;9473465341;S
20240129;102037;1603.4;8;9473465342;S
20240129;102037;1603.6;1;9473465370;B
20240129;102038;1603.6;5;9473465397;B
20240129;102040;1603.4;6;9473468083;S
20240129;102040;1603.4;1;9473468098;S
20240129;102042;1603.4;5;9473468983;S
20240129;102046;1603.4;1;9473470451;S
20240129;102048;1603.6;6;9473470773;B
20240129;102050;1603.6;1;9473470999;B
20240129;102051;1603.4;1;9473471480;S
20240129;102052;1603.6;50;9473471735;B
20240129;102052;1603.6;1;9473471736;B
20240129;102052;1603.6;63;9473471737;B
20240129;102052;1603.6;23;9473471738;B
20240129;102052;1603.6;7;9473471744;B
20240129;102052;1603.6;28;9473471745;B
20240129;102053;1603.4;1;9473471934;S
20240129;102057;1603.6;27;9473473978;S
20240129;102057;1603.6;2;9473473979;S
20240129;102057;1603.4;27;9473473980;S
20240129;102057;1603.4;44;9473473981;S
20240129;102058;1603.6;63;9473474023;B
20240129;102058;1603.8;37;9473474024;B
20240129;102059;1603.8;20;9473474392;B
20240129;102059;1603.6;10;9473474746;S
20240129;102101;1603.6;1;9473475177;S
20240129;102106;1603.8;13;9473476628;B
20240129;102110;1603.8;1;9473478480;B
20240129;102111;1603.8;2;9473478511;B
20240129;102113;1603.6;1;9473479451;S
20240129;102114;1603.8;1;9473479675;B
20240129;102116;1603.8;1;9473480466;B
20240129;102117;1603.8;30;9473480568;B
20240129;102121;1603.6;1;9473481717;S
20240129;102122;1603.8;5;9473482425;B
20240129;102123;1603.6;1;9473483085;S
20240129;102124;1603.8;20;9473483316;B
20240129;102125;1603.6;5;9473483468;S
20240129;102126;1603.8;20;9473483686;B
20240129;102126;1603.8;3;9473483747;B
20240129;102135;1603.8;1;9473487136;B
20240129;102138;1603.8;1;9473487662;B
20240129;102138;1603.8;3;9473487719;B
20240129;102138;1603.6;10;9473487783;S
20240129;102140;1603.6;1;9473489293;S
20240129;102141;1603.6;16;9473489425;S
20240129;102143;1603.6;1;9473489853;S
20240129;102144;1603.6;1;9473489986;S
20240129;102144;1603.8;1;9473489999;B
20240129;102146;1603.6;10;9473490349;S
20240129;102147;1603.8;50;9473491239;B
20240129;102151;1603.8;13;9473493411;B
20240129;102151;1603.6;3;9473493422;S
20240129;102151;1603.6;1;9473493423;S
20240129;102151;1603.6;50;9473493424;S
20240129;102151;1603.4;31;9473493425;S
20240129;102151;1603.4;1;9473493426;S
20240129;102151;1603.4;1;9473493427;S
20240129;102151;1603.4;50;9473493428;S
20240129;102151;1603.4;2;9473493429;S
20240129;102151;1603.4;1;9473493430;S
20240129;102151;1603.4;1;9473493431;S
20240129;102151;1603.4;1;9473493432;S
20240129;102151;1603.4;4;9473493433;S
20240129;102151;1603.4;2;9473493434;S
20240129;102151;1603.4;14;9473493435;S
20240129;102151;1603.2;10;9473493436;S
20240129;102151;1603.2;1;9473493437;S
20240129;102151;1603.2;27;9473493438;S
20240129;102153;1603.6;1;9473494228;S
20240129;102159;1603.8;1;9473496467;B
20240129;102159;1603.6;38;9473496487;S
20240129;102200;1603.8;2;9473496886;B
20240129;102203;1603.8;3;9473498402;B
20240129;102203;1603.6;10;9473498408;S
20240129;102211;1603.6;1;9473501028;S
20240129;102211;1603.6;27;9473501074;S
20240129;102211;1603.6;1;9473501075;S
20240129;102211;1603.4;1;9473501076;S
20240129;102211;1603.4;3;9473501077;S
20240129;102212;1603.8;1;9473501196;B
20240129;102213;1603.8;1;9473501946;B
20240129;102213;1603.6;2;9473501987;S
20240129;102214;1603.6;2;9473502025;S
20240129;102214;1603.6;2;9473502059;S
20240129;102215;1603.4;1;9473502187;S
20240129;102215;1603.4;50;9473502188;S
20240129;102215;1603.2;63;9473502189;S
20240129;102215;1603.2;50;9473502190;S
20240129;102215;1603.2;7;9473502191;S
20240129;102215;1603;29;9473502192;S
20240129;102215;1603;8;9473502196;S
20240129;102215;1603.4;4;9473502298;S
20240129;102215;1603;117;9473502299;S
20240129;102215;1603;10;9473502300;S
20240129;102215;1603;1;9473502301;S
20240129;102215;1603;10;9473502302;S
20240129;102215;1603;223;9473502303;S
20240129;102217;1603.6;7;9473503138;B
20240129;102229;1603.4;4;9473506558;S
20240129;102235;1603.4;1;9473509419;S
20240129;102237;1603.4;36;9473509710;S
20240129;102237;1603.6;2;9473509746;B
20240129;102237;1603.6;1;9473509759;B
20240129;102238;1603.4;13;9473509953;S
20240129;102238;1603.4;4;9473509954;S
20240129;102238;1603.2;4;9473509955;S
20240129;102239;1603.4;4;9473510214;S
20240129;102240;1603.4;4;9473510233;B
20240129;102240;1603.4;4;9473510248;B
20240129;102240;1603.4;4;9473510320;B
20240129;102240;1603.4;3;9473510334;B
20240129;102245;1603.4;15;9473511249;B
20240129;102245;1603.2;2;9473511372;S
20240129;102247;1603.2;10;9473511648;S
20240129;102250;1603.2;34;9473512084;S
20240129;102250;1603.2;50;9473512085;S
20240129;102250;1603.2;3;9473512086;S
20240129;102250;1603;113;9473512087;S
20240129;102250;1603.4;7;9473512119;B
20240129;102252;1603.4;1;9473513456;B
20240129;102254;1603;50;9473513747;S
20240129;102257;1603.4;9;9473514642;B
20240129;102257;1603.4;1;9473514691;B
20240129;102258;1603.4;6;9473514746;B
20240129;102301;1603;614;9473515321;S
20240129;102301;1603;100;9473515322;S
20240129;102301;1603;1000;9473515323;S
20240129;102301;1603;100;9473515324;S
20240129;102301;1603;50;9473515325;S
20240129;102301;1603;35;9473515326;S
20240129;102301;1603;101;9473515327;S
20240129;102301;1603;20;9473515328;S
20240129;102301;1603.2;15;9473515337;B
20240129;102301;1603.2;11;9473515338;B
20240129;102302;1603.2;1;9473515480;B
20240129;102310;1603;1;9473517123;S
20240129;102313;1603.2;1;9473517558;B
20240129;102314;1603;10;9473517696;S
20240129;102315;1603.2;6;9473518044;B
20240129;102318;1603;18;9473518641;S
20240129;102321;1603;1;9473519174;B
20240129;102328;1603;90;9473520447;B
20240129;102328;1602.8;1;9473520509;S
20240129;102328;1602.8;30;9473520575;S
20240129;102328;1602.8;45;9473520633;S
20240129;102330;1602.8;9;9473520886;S
20240129;102331;1602.8;1;9473521087;S
20240129;102333;1602.8;14;9473521533;S
20240129;102333;1602.6;36;9473521534;S
20240129;102336;1602.6;64;9473522225;S
20240129;102336;1602.6;86;9473522226;S
20240129;102336;1602.4;378;9473522227;S
20240129;102336;1602.4;2;9473522228;S
20240129;102336;1602.4;1;9473522229;S
20240129;102336;1602.2;2;9473522230;S
20240129;102336;1602.2;6;9473522231;S
20240129;102336;1602.2;1877;9473522232;S
20240129;102336;1602;1;9473522233;S
20240129;102336;1602;1;9473522234;S
20240129;102336;1602;1;9473522235;S
20240129;102336;1602;4;9473522236;S
20240129;102336;1602;1;9473522237;S
20240129;102336;1602;25;9473522238;S
20240129;102336;1602;3;9473522239;S
20240129;102336;1602;10;9473522240;S
20240129;102336;1602;1;9473522241;S
20240129;102336;1602;2;9473522242;S
20240129;102336;1602;30;9473522243;S
20240129;102336;1602;1;9473522244;S
20240129;102336;1602;6;9473522245;S
20240129;102336;1602;5;9473522246;S
20240129;102336;1602;30;9473522247;S
20240129;102336;1602;34;9473522248;S
20240129;102336;1602;8;9473522249;S
20240129;102336;1602;20;9473522250;S
20240129;102336;1602;5;9473522251;S
20240129;102336;1602;15;9473522252;S
20240129;102336;1602;79;9473522253;S
20240129;102336;1602;2;9473522254;S
20240129;102336;1602;1;9473522255;S
20240129;102336;1602;80;9473522256;S
20240129;102336;1602;3;9473522257;S
20240129;102336;1602;1;9473522258;S
20240129;102336;1602;3;9473522259;S
20240129;102336;1602;1;9473522260;S
20240129;102336;1602;100;9473522261;S
20240129;102336;1601.8;56;9473522262;S
20240129;102336;1601.6;60;9473522263;S
20240129;102336;1601.6;187;9473522264;S
20240129;102336;1601.4;1;9473522265;S
20240129;102336;1601.4;7;9473522266;S
20240129;102336;1601.4;70;9473522267;S
20240129;102336;1601.4;18;9473522275;S
20240129;102336;1601.4;1;9473522289;S
20240129;102336;1601.4;5;9473522335;S
20240129;102337;1601.8;2;9473522455;S
20240129;102338;1601.8;3;9473522591;S
20240129;102338;1601.4;27;9473522592;S
20240129;102339;1602;1;9473522843;B
20240129;102339;1602.4;4;9473522844;B
20240129;102342;1602;35;9473523517;B
20240129;102342;1602.2;5;9473523518;B
20240129;102345;1602.4;1;9473523942;B
20240129;102354;1601.6;8;9473525300;S
20240129;102358;1602.2;1;9473525864;S
20240129;102359;1602.6;23;9473526026;B
20240129;102359;1602.6;3;9473526027;B
20240129;102400;1602.6;2;9473526360;B
20240129;102401;1602.6;27;9473526397;B
20240129;102402;1601.6;42;9473526655;S
20240129;102402;1601.6;4;9473526656;S
20240129;102402;1601.6;14;9473526657;S
20240129;102405;1601.4;272;9473527054;S
20240129;102405;1601.4;12;9473527055;S
20240129;102405;1601.4;1;9473527056;S
20240129;102405;1601.4;60;9473527057;S
20240129;102405;1601.2;40;9473527058;S
20240129;102405;1601.2;38;9473527059;S
20240129;102405;1601.2;63;9473527060;S
20240129;102405;1601.2;2;9473527061;S
20240129;102405;1601;2;9473527062;S
20240129;102405;1601;1;9473527063;S
20240129;102405;1601;6;9473527064;S
20240129;102405;1601;3;9473527065;S
20240129;102406;1601;15;9473527187;S
20240129;102407;1601.6;1;9473527378;S
20240129;102416;1601.6;97;9473529155;B
20240129;102416;1602;20;9473529156;B
20240129;102422;1602;2;9473530337;S
20240129;102423;1602.6;2;9473530585;B
20240129;102424;1602;50;9473530743;S
20240129;102424;1602.6;2;9473530757;B
20240129;102426;1602;20;9473531103;S
20240129;102427;1602;6;9473531119;S
20240129;102430;1602;5;9473531723;S
20240129;102430;1601.4;1;9473531724;S
20240129;102434;1601.4;10;9473532147;S
20240129;102435;1601.4;39;9473532334;S
20240129;102435;1601.4;5;9473532335;S
20240129;102435;1601.4;60;9473532336;S
20240129;102435;1601.2;1;9473532337;S
20240129;102435;1601;5;9473532338;S
20240129;102437;1601.2;1;9473532519;S
20240129;102437;1601.2;2;9473532520;S
20240129;102440;1602;1;9473532943;B
20240129;102440;1602;1;9473533003;B
20240129;102440;1602;4;9473533004;B
20240129;102443;1602;1;9473533344;B
20240129;102452;1602;3;9473535138;B
20240129;102452;1602.4;13;9473535139;B
20240129;102452;1602.4;226;9473535140;B
20240129;102452;1602.6;34;9473535141;B
20240129;102452;1602.6;60;9473535142;B
20240129;102452;1602.8;226;9473535143;B
20240129;102452;1602.8;68;9473535144;B
20240129;102452;1602.8;60;9473535145;B
20240129;102452;1603;309;9473535146;B
20240129;102457;1602.8;3;9473536008;B
20240129;102457;1602.8;1;9473536036;B
20240129;102500;1602.8;1;9473536793;B
20240129;102506;1603;100;9473537881;B
20240129;102508;1603;5;9473538284;B
20240129;102511;1603;1;9473538755;B
20240129;102512;1602;14;9473538937;S
20240129;102513;1603;476;9473539148;B
20240129;102513;1603;2;9473539149;B
20240129;102513;1603;10;9473539150;B
20240129;102513;1603;60;9473539151;B
20240129;102513;1603;60;9473539152;B
20240129;102513;1603;21;9473539153;B
20240129;102513;1603;14;9473539154;B
20240129;102518;1603;25;9473539955;S
20240129;102519;1603;332;9473540089;S
20240129;102520;1602.8;4;9473540260;B
20240129;102521;1602.8;4;9473540430;B
20240129;102528;1602;1;9473541957;S
20240129;102528;1602;49;9473541963;S
20240129;102528;1602;1;9473541964;S
20240129;102531;1602.8;7;9473542430;B
20240129;102542;1602;5;9473544785;S
20240129;102545;1602;17;9473545286;S
20240129;102545;1602;50;9473545287;S
20240129;102545;1601.8;17;9473545288;S
20240129;102545;1601.8;2;9473545289;S
20240129;102545;1601.6;14;9473545290;S
20240129;102549;1601.6;100;9473545947;S
20240129;102553;1602;2;9473546678;S
20240129;102555;1602;98;9473558825;S
20240129;102555;1601.6;126;9473558826;S
20240129;102555;1601.6;9;9473558827;S
20240129;102555;1601.4;50;9473558828;S
20240129;102555;1601.4;12;9473558829;S
20240129;102555;1601.4;212;9473558830;S
20240129;102555;1601.2;16;9473558831;S
20240129;102557;1601.2;24;9473564015;S
20240129;102557;1601.2;16;9473564016;S
20240129;102557;1601.2;60;9473564017;S
20240129;102557;1601;2;9473564018;S
20240129;102557;1601;400;9473564019;S
20240129;102557;1601;57;9473564020;S
20240129;102557;1601;13;9473564021;S
20240129;102557;1601;2;9473564022;S
20240129;102557;1601;46;9473564023;S
20240129;102557;1600.8;20;9473564031;S
20240129;102557;1600.8;30;9473564109;S
20240129;102557;1600.6;60;9473564110;S
20240129;102558;1601;2;9473564239;B
20240129;102558;1600.6;1;9473564249;S
20240129;102602;1600.8;1;9473565084;S
20240129;102603;1601;1;9473565173;B
20240129;102603;1601.4;60;9473565174;B
20240129;102603;1601.8;23;9473565175;B
20240129;102603;1602;16;9473565176;B
20240129;102604;1602.2;2;9473565397;B
20240129;102608;1601;23;9473566376;S
20240129;102608;1600.8;3;9473566377;S
20240129;102608;1600.8;60;9473566378;S
20240129;102608;1600.8;2;9473566379;S
20240129;102608;1600.8;20;9473566380;S
20240129;102608;1600.8;60;9473566381;S
20240129;102608;1600.6;649;9473566382;S
20240129;102608;1600.6;3;9473566383;S
20240129;102608;1600.6;166;9473566384;S
20240129;102608;1600.6;115;9473566385;S
20240129;102608;1600.6;187;9473566386;S
20240129;102608;1600.4;9;9473566387;S
20240129;102608;1600.4;100;9473566388;S
20240129;102608;1600.4;200;9473566389;S
20240129;102608;1600.4;100;9473566390;S
20240129;102608;1600.4;3;9473566391;S
20240129;102608;1600.2;50;9473566392;S
20240129;102608;1600.2;3;9473566393;S
20240129;102608;1600.2;100;9473566394;S
20240129;102608;1600.2;8;9473566395;S
20240129;102608;1600.2;1;9473566396;S
20240129;102608;1600.2;638;9473566397;S
20240129;102610;1600.4;3;9473566585;S
20240129;102617;1601.2;2;9473567803;B
20240129;102617;1601.2;1;9473567845;B
20240129;102619;1601.2;5;9473568309;B
20240129;102619;1601;27;9473568341;S
20240129;102620;1601.2;1;9473568522;B
20240129;102624;1601.2;1;9473569051;B
20240129;102626;1601;2;9473569590;S
20240129;102628;1601;53;9473570002;S
20240129;102628;1601;100;9473570003;S
20240129;102628;1600.6;1;9473570004;S
20240129;102628;1600.6;2;9473570005;S
20240129;102628;1600.4;60;9473570006;S
20240129;102628;1600.4;180;9473570007;S
20240129;102628;1600.4;23;9473570008;S
20240129;102628;1600.4;60;9473570009;S
20240129;102628;1600.2;862;9473570010;S
20240129;102628;1600.2;1;9473570011;S
20240129;102628;1600;8;9473570012;S
20240129;102628;1600;50;9473570013;S
20240129;102628;1600;3;9473570014;S
20240129;102628;1600;100;9473570015;S
20240129;102628;1600;7;9473570016;S
20240129;102628;1600;2;9473570017;S
20240129;102628;1600;1;9473570018;S
20240129;102628;1600;1;9473570019;S
20240129;102628;1600;2;9473570020;S
20240129;102628;1600;1;9473570021;S
20240129;102628;1600;1;9473570022;S
20240129;102628;1600;3;9473570023;S
20240129;102628;1600;9;9473570024;S
20240129;102628;1600;2;9473570025;S
20240129;102628;1600;2;9473570026;S
20240129;102628;1600;10;9473570027;S
20240129;102628;1600;500;9473570028;S
20240129;102628;1600;1;9473570029;S
20240129;102628;1600;21;9473570030;S
20240129;102628;1600;1;9473570031;S
20240129;102628;1600;1;9473570032;S
20240129;102628;1600;1;9473570033;S
20240129;102628;1600;1;9473570034;S
20240129;102628;1600;1;9473570035;S
20240129;102628;1600;7;9473570036;S
20240129;102628;1600;20;9473570037;S
20240129;102628;1600;2;9473570038;S
20240129;102628;1600;3;9473570039;S
20240129;102628;1600;1;9473570040;S
20240129;102628;1600;6;9473570041;S
20240129;102628;1600;250;9473570042;S
20240129;102628;1600;200;9473570043;S
20240129;102628;1600;2;9473570044;S
20240129;102628;1600;150;9473570045;S
20240129;102628;1600;1;9473570046;S
20240129;102628;1600;10;9473570047;S
20240129;102628;1600;500;9473570048;S
20240129;102628;1600;50;9473570049;S
20240129;102628;1600;10;9473570050;S
20240129;102628;1600;187;9473570051;S
20240129;102628;1600;100;9473570052;S
20240129;102628;1599.8;4;9473570053;S
20240129;102628;1599.8;3;9473570054;S
20240129;102628;1599.6;10;9473570055;S
20240129;102628;1599.6;47;9473570056;S
20240129;102628;1599.6;133;9473570057;S
20240129;102628;1599.4;5;9473570058;S
20240129;102628;1599.4;5;9473570059;S
20240129;102628;1599.2;1484;9473570060;S
20240129;102628;1599.2;1;9473570061;S
20240129;102628;1599.2;1;9473570062;S
20240129;102628;1599.2;16;9473570063;S
20240129;102628;1599.2;1;9473570064;S
20240129;102628;1599.2;2;9473570065;S
20240129;102628;1599.2;1;9473570066;S
20240129;102628;1599.2;60;9473570067;S
20240129;102628;1599;1;9473570068;S
20240129;102628;1599;1;9473570069;S
20240129;102628;1599;1;9473570070;S
20240129;102628;1599;1;9473570071;S
20240129;102628;1599;196;9473570072;S
20240129;102628;1599.4;16;9473570073;S
20240129;102629;1600.8;1;9473570102;B
20240129;102629;1600.2;1;9473570107;S
20240129;102629;1600;2;9473570108;S
20240129;102629;1600;12;9473570116;S
20240129;102629;1600;268;9473570131;S
20240129;102629;1599.4;15;9473570132;S
20240129;102629;1599;774;9473570133;S
20240129;102629;1599;112;9473570134;S
20240129;102629;1598.8;50;9473570135;S
20240129;102629;1598.8;187;9473570136;S
20240129;102629;1598.8;130;9473570137;S
20240129;102629;1598.6;100;9473570138;S
20240129;102629;1598.6;60;9473570139;S
20240129;102629;1598.4;10;9473570140;S
20240129;102629;1598.4;23;9473570141;S
20240129;102629;1598.4;1;9473570142;S
20240129;102629;1598.2;33;9473570143;S
20240129;102629;1598;100;9473570144;S
20240129;102629;1598;4;9473570145;S
20240129;102629;1598;2;9473570146;S
20240129;102629;1598;5;9473570147;S
20240129;102629;1598;1;9473570148;S
20240129;102629;1598;10;9473570149;S
20240129;102629;1598;10;9473570150;S
20240129;102629;1598;1;9473570151;S
20240129;102629;1598;1;9473570152;S
20240129;102629;1598;63;9473570153;S
20240129;102629;1597.8;3;9473570154;S
20240129;102629;1597.8;3;9473570155;S
20240129;102629;1597.8;4;9473570156;S
20240129;102629;1597.8;30;9473570157;S
20240129;102629;1598;125;9473570159;S
20240129;102629;1598;62;9473570160;S
20240129;102629;1597.8;938;9473570161;S
20240129;102629;1597.8;2;9473570163;S
20240129;102629;1599;8;9473570198;B
20240129;102629;1599;5;9473570228;B
20240129;102629;1597.6;20;9473570294;S
20240129;102629;1598;10;9473570416;B
20240129;102630;1597.6;4;9473570438;S
20240129;102630;1597.8;5;9473570517;S
20240129;102631;1598.6;95;9473570692;B
20240129;102631;1598.6;5;9473570693;B
20240129;102631;1598.4;1;9473570804;S
20240129;102632;1598.4;5;9473570905;S
20240129;102635;1599.2;3;9473571438;B
20240129;102635;1599;1;9473571604;B
20240129;102637;1598.4;100;9473571979;S
20240129;102637;1598.4;1;9473572053;S
20240129;102638;1598.6;1;9473572100;B
20240129;102638;1598.4;1;9473572108;S
20240129;102640;1598.4;100;9473572492;B
20240129;102640;1598.6;2;9473572493;B
20240129;102640;1598.6;16;9473572494;B
20240129;102640;1598.6;1;9473572495;B
20240129;102640;1599;23;9473572496;B
20240129;102640;1599;63;9473572497;B
20240129;102640;1599;60;9473572498;B
20240129;102640;1599;60;9473572499;B
20240129;102640;1599.4;40;9473572500;B
20240129;102640;1599.6;35;9473572501;B
20240129;102640;1598.6;2;9473572545;B
20240129;102640;1598.6;16;9473572546;B
20240129;102640;1598.6;1;9473572547;B
20240129;102640;1598.6;2;9473572549;S
20240129;102640;1598.6;16;9473572550;S
20240129;102640;1598.6;1;9473572551;S
20240129;102640;1598.6;2;9473572576;S
20240129;102640;1598.6;10;9473572577;S
20240129;102641;1598;1;9473572748;S
20240129;102643;1598.6;1;9473573100;B
20240129;102644;1598;100;9473573314;B
20240129;102644;1598.2;20;9473573317;B
20240129;102647;1598.6;5;9473574074;B
20240129;102647;1598.6;1;9473574075;B
20240129;102647;1598.6;2;9473574076;B
20240129;102647;1598.8;23;9473574077;B
20240129;102647;1599.2;19;9473574078;B
20240129;102647;1598.2;27;9473574187;S
20240129;102649;1598.2;2;9473574436;S
20240129;102649;1598.4;20;9473574441;B
20240129;102650;1598.4;50;9473574712;B
20240129;102650;1598.2;11;9473574756;S
20240129;102650;1598.2;6;9473574757;S
20240129;102650;1598.2;2;9473574779;S
20240129;102652;1598.4;1;9473575164;B
20240129;102654;1598.2;1;9473575404;S
20240129;102654;1598.2;9;9473575453;S
20240129;102654;1598;10;9473575454;S
20240129;102654;1597.8;1;9473575455;S
20240129;102654;1597.8;45;9473575456;S
20240129;102658;1598.4;1;9473576095;B
20240129;102659;1598.4;25;9473576298;B
20240129;102659;1598.4;3;9473576334;B
20240129;102659;1598.4;2;9473576335;S
20240129;102700;1598.6;5;9473576413;B
20240129;102700;1598.4;2;9473576498;S
20240129;102700;1598.4;1;9473576565;S
20240129;102700;1598.4;1;9473576591;S
20240129;102702;1598.4;41;9473576855;S
20240129;102702;1598.4;1;9473576856;S
20240129;102702;1598.2;1;9473576870;S
20240129;102702;1598;5;9473576871;S
20240129;102702;1597.8;24;9473576872;S
20240129;102705;1598.6;1;9473577391;B
20240129;102707;1598.4;1;9473577724;B
20240129;102709;1598.4;6;9473578032;B
20240129;102714;1598.2;1;9473588577;S
20240129;102715;1598.2;1;9473588623;S
20240129;102716;1598;6;9473589330;B
20240129;102716;1598;1;9473589331;B
20240129;102717;1598;17;9473589364;B
20240129;102717;1598;1;9473589479;B
20240129;102718;1597.8;1;9473589678;S
20240129;102720;1598;32;9473589906;B
20240129;102720;1597.8;4;9473590092;S
20240129;102723;1597.6;3;9473590531;S
20240129;102724;1597.8;2;9473590672;B
20240129;102724;1597.6;1;9473590699;S
20240129;102724;1597.8;1;9473590713;B
20240129;102725;1597.8;3;9473590771;B
20240129;102725;1597.6;1;9473590773;S
20240129;102725;1597.8;3;9473590775;B
20240129;102726;1597.8;19;9473590940;B
20240129;102726;1597.8;1;9473591055;B
20240129;102726;1597.8;1;9473591125;B
20240129;102727;1597.8;10;9473591233;B
20240129;102727;1597.8;1;9473591239;B
20240129;102731;1597.8;20;9473591926;B
20240129;102731;1597.8;1;9473591942;B
20240129;102731;1597.8;38;9473591991;B
20240129;102731;1598;12;9473591992;B
20240129;102734;1597.8;50;9473592570;S
20240129;102735;1597.8;2;9473592781;B
20240129;102736;1597.8;2;9473594531;B
20240129;102739;1597.6;7;9473596635;S
20240129;102739;1597.8;46;9473596636;B
20240129;102739;1598;11;9473596637;B
20240129;102742;1597.6;29;9473597274;S
20240129;102743;1597.8;1;9473597324;B
20240129;102744;1597.6;1;9473597573;S
20240129;102745;1597.8;1;9473598976;B
20240129;102746;1597.8;98;9473599085;B
20240129;102746;1598;45;9473599086;B
20240129;102746;1598;7;9473599087;B
20240129;102746;1597.8;20;9473600232;S
20240129;102746;1597.6;99;9473600233;S
20240129;102746;1597.6;10;9473600234;S
20240129;102746;1597.6;5;9473600235;S
20240129;102746;1597.4;3;9473600236;S
20240129;102746;1597.4;10;9473600237;S
20240129;102746;1597.4;84;9473600238;S
20240129;102746;1597.4;60;9473600239;S
20240129;102746;1597.2;29;9473600240;S
20240129;102746;1597.2;200;9473600241;S
20240129;102746;1597.2;15;9473600242;S
20240129;102746;1597;50;9473600243;S
20240129;102746;1597;6;9473600244;S
20240129;102746;1597;10;9473600245;S
20240129;102746;1597;6;9473600246;S
20240129;102746;1597;1;9473600247;S
20240129;102746;1597;147;9473600248;S
20240129;102746;1597;10;9473600249;S
20240129;102746;1597;50;9473600250;S
20240129;102746;1597;50;9473600251;S
20240129;102746;1597;1;9473600252;S
20240129;102746;1597;1;9473600253;S
20240129;102746;1596.8;1;9473600254;S
20240129;102746;1596.6;100;9473600255;S
20240129;102746;1596.6;4;9473600256;S
20240129;102746;1596.6;32;9473600257;S
20240129;102746;1596.6;187;9473600258;S
20240129;102746;1596.4;50;9473600259;S
20240129;102746;1596.4;100;9473600260;S
20240129;102746;1596.2;10;9473600261;S
20240129;102746;1596.2;23;9473600262;S
20240129;102746;1596.2;16;9473600263;S
20240129;102746;1596.2;63;9473600264;S
20240129;102746;1596;1;9473600265;S
20240129;102746;1596;10;9473600266;S
20240129;102746;1596;5;9473600267;S
20240129;102746;1596;5;9473600268;S
20240129;102746;1596;5;9473600269;S
20240129;102746;1596;1;9473600270;S
20240129;102746;1596;50;9473600271;S
20240129;102746;1596;40;9473600272;S
20240129;102746;1596;1;9473600273;S
20240129;102746;1596;20;9473600274;S
20240129;102746;1596;3;9473600275;S
20240129;102746;1596;700;9473600276;S
20240129;102746;1596;1;9473600277;S
20240129;102746;1596;1;9473600278;S
20240129;102746;1596;1;9473600279;S
20240129;102746;1596;50;9473600280;S
20240129;102746;1595.8;140;9473600281;S
20240129;102746;1595.8;100;9473600282;S
20240129;102746;1595.8;6;9473600283;S
20240129;102746;1595.8;60;9473600284;S
20240129;102746;1595.6;35;9473600285;S
20240129;102746;1595.6;200;9473600286;S
20240129;102746;1595.4;5;9473600287;S
20240129;102746;1595.4;100;9473600288;S
20240129;102746;1595.4;4;9473600289;S
20240129;102746;1595.4;3;9473600290;S
20240129;102746;1595.6;10;9473600292;S
20240129;102747;1597;2;9473600385;B
20240129;102747;1595.6;9;9473600388;S
20240129;102747;1595.6;10;9473600389;S
20240129;102747;1597;10;9473600404;B
20240129;102747;1595.8;238;9473600480;S
20240129;102747;1595.4;62;9473600481;S
20240129;102747;1597;1;9473600527;B
20240129;102748;1597;10;9473600533;B
20240129;102748;1597;40;9473600534;B
20240129;102748;1596.8;2;9473600554;B
20240129;102748;1596.8;1;9473600727;B
20240129;102751;1596.8;10;9473601235;B
20240129;102751;1596.8;1;9473601368;B
20240129;102751;1596.8;1;9473601381;B
20240129;102754;1597.2;1;9473602029;B
20240129;102755;1596.2;63;9473602225;S
20240129;102755;1596;7;9473602226;S
20240129;102801;1596.8;1;9473605361;B
20240129;102801;1596.8;3;9473605378;B
20240129;102802;1596.8;4;9473606414;B
20240129;102806;1597.2;10;9473606945;B
20240129;102806;1597.2;4;9473606946;B
20240129;102806;1597.4;187;9473606947;B
20240129;102806;1597.6;2;9473606948;B
20240129;102806;1597.8;40;9473606949;B
20240129;102806;1597.8;60;9473606950;B
20240129;102806;1598;186;9473606951;B
20240129;102806;1598;2;9473607042;S
20240129;102809;1598.2;2;9473607513;B
20240129;102809;1598;1;9473607595;S
20240129;102809;1598;3;9473607617;S
20240129;102809;1598.2;1;9473607621;B
20240129;102810;1598;1;9473607684;S
20240129;102812;1598.2;2;9473608024;B
20240129;102812;1598;2;9473608054;S
20240129;102814;1598;3;9473608344;S
20240129;102814;1598;18;9473608374;S
20240129;102815;1598;34;9473608541;S
20240129;102815;1598;247;9473608663;S
20240129;102815;1598;20;9473608664;S
20240129;102817;1597;1;9473608942;S
20240129;102817;1597;3;9473609009;S
20240129;102818;1598;3;9473609018;B
20240129;102818;1598;8;9473609039;B
20240129;102818;1597;19;9473609061;S
20240129;102818;1597;5;9473609062;S
20240129;102818;1596.8;12;9473609063;S
20240129;102820;1597.8;3;9473609461;B
20240129;102822;1597.8;47;9473609704;B
20240129;102822;1597.8;63;9473609705;B
20240129;102822;1598;190;9473609706;B
20240129;102822;1596.8;2;9473609799;S
20240129;102823;1596.8;2;9473609955;S
20240129;102823;1596.8;3;9473609956;S
20240129;102826;1597.8;50;9473610322;B
20240129;102826;1597.8;50;9473610323;B
20240129;102836;1598;10;9473612081;B
20240129;102837;1598;15;9473612214;B
20240129;102837;1598;1;9473612215;B
20240129;102837;1598;70;9473612216;B
20240129;102837;1598;14;9473612217;B
20240129;102839;1598;36;9473612544;B
20240129;102839;1598.2;1;9473612545;B
20240129;102839;1598.2;3;9473612546;B
20240129;102839;1598.2;1;9473612547;B
20240129;102839;1598.2;3;9473612548;B
20240129;102839;1598.2;1;9473612549;B
20240129;102839;1598.2;4;9473612550;B
20240129;102839;1598.2;2;9473612551;B
20240129;102839;1598.2;2;9473612552;B
20240129;102839;1598.2;1;9473612553;B
20240129;102839;1598.2;1;9473612554;B
20240129;102839;1598.2;2;9473612555;B
20240129;102839;1598.2;1;9473612556;B
20240129;102839;1598.2;3;9473612557;B
20240129;102839;1598.2;3;9473612558;B
20240129;102839;1598.2;2;9473612559;B
20240129;102839;1598.2;3;9473612560;B
20240129;102839;1598.2;1;9473612561;B
20240129;102839;1598.2;1;9473612565;B
20240129;102839;1598.2;1;9473612566;B
20240129;102839;1598.2;2;9473612567;B
20240129;102839;1598.2;1;9473612568;B
20240129;102839;1598.2;1;9473612569;B
20240129;102839;1598.2;1;9473612570;B
20240129;102840;1598;5;9473612839;S
20240129;102841;1598;5;9473613035;S
20240129;102841;1597.4;5;9473613036;S
20240129;102842;1597.2;1;9473613153;S
20240129;102845;1598;3;9473613834;B
20240129;102848;1597.2;3;9473614451;S
20240129;102848;1597.2;3;9473614452;S
20240129;102857;1598;18;9473616456;B
20240129;102901;1597.2;8;9473617595;S
20240129;102909;1597.8;3;9473619460;B
20240129;102909;1598;2;9473619461;B
20240129;102912;1598;5;9473620080;B
20240129;102917;1598;22;9473620781;B
20240129;102917;1598;19;9473620782;B
20240129;102917;1598;2;9473620921;B
20240129;102920;1598;4;9473621353;B
20240129;102920;1598;50;9473621354;B
20240129;102920;1598;8;9473621355;B
20240129;102921;1598.2;1;9473621599;B
20240129;102921;1598.2;1;9473621600;B
20240129;102921;1598.2;2;9473621601;B
20240129;102921;1598.2;1;9473621602;B
20240129;102921;1598.2;1;9473621609;B
20240129;102921;1598.2;1;9473621610;B
20240129;102921;1598.2;1;9473621611;B
20240129;102922;1598;2;9473621728;S
20240129;102923;1598;1;9473621767;S
20240129;102926;1598.2;1;9473622230;B
20240129;102926;1598.2;1;9473622231;B
20240129;102926;1598.2;1;9473622232;B
20240129;102926;1598;5;9473622264;S
20240129;102927;1598;1;9473622367;B
20240129;102928;1597.8;10;9473622640;S
20240129;102928;1597.8;10;9473622641;S
20240129;102928;1597.8;1;9473622642;S
20240129;102928;1597.8;1;9473622643;S
20240129;102928;1597.2;2;9473622644;S
20240129;102928;1597.2;1;9473622645;S
20240129;102928;1597.2;4;9473622646;S
20240129;102928;1597.2;1;9473622647;S
20240129;102928;1598;3;9473622702;B
20240129;102932;1597.8;1;9473623274;B
20240129;102944;1597.8;6;9473625122;B
20240129;102946;1597;5;9473625464;S
20240129;102946;1597;5;9473625465;S
20240129;102946;1597;1;9473625466;S
20240129;102946;1597;4;9473625467;S
20240129;102954;1597.2;3;9473626832;S
20240129;102954;1597;20;9473626833;S
20240129;102959;1597.8;3;9473627611;B
20240129;102959;1598;57;9473627612;B
20240129;102959;1598;1;9473627613;B
20240129;102959;1598;1;9473627614;B
20240129;102959;1598;18;9473627615;B
20240129;103001;1598;1;9473628065;B
20240129;103002;1598;2;9473628140;B
20240129;103003;1598;59;9473628342;B
20240129;103003;1598;40;9473628343;B
20240129;103003;1598;4;9473628447;B
20240129;103005;1597.4;63;9473628844;S
20240129;103005;1597.4;3;9473628845;S
20240129;103005;1597.2;50;9473628846;S
20240129;103005;1597.2;20;9473628847;S
20240129;103005;1597;50;9473628848;S
20240129;103005;1597;6;9473628849;S
20240129;103005;1597;3;9473628850;S
20240129;103005;1597;55;9473628851;S
20240129;103005;1597;60;9473628852;S
20240129;103005;1596.8;3;9473628853;S
20240129;103005;1596.8;100;9473628854;S
20240129;103005;1596.6;23;9473628855;S
20240129;103005;1596.6;10;9473628856;S
20240129;103005;1596.4;50;9473628857;S
20240129;103005;1596.2;1;9473628858;S
20240129;103005;1596.2;1;9473628859;S
20240129;103005;1596.2;2;9473628860;S
20240129;103010;1597.2;16;9473640047;S
20240129;103011;1597.2;17;9473640207;S
20240129;103017;1597.6;1;9473641166;B
20240129;103022;1597.4;1;9473642025;S
20240129;103028;1597.8;5;9473643036;B
20240129;103028;1598;60;9473643037;B
20240129;103028;1598;35;9473643038;B
20240129;103031;1597.4;1;9473643455;S
20240129;103032;1597.8;1;9473643578;B
20240129;103033;1597.8;4;9473643735;B
20240129;103034;1597.8;1;9473643910;B
20240129;103040;1597.8;1;9473644862;B
20240129;103041;1597.8;7;9473644883;B
20240129;103041;1597.8;5;9473645005;B
20240129;103042;1597.8;31;9473645109;B
20240129;103045;1598;3;9473645584;B
20240129;103045;1598;24;9473645596;B
20240129;103050;1597.8;1;9473646648;S
20240129;103052;1598;1;9473647052;B
20240129;103053;1597.8;3;9473647141;S
20240129;103055;1598;5;9473647743;B
20240129;103059;1597.8;15;9473648570;S
20240129;103059;1597.8;1;9473648571;S
20240129;103059;1597.8;17;9473648572;S
20240129;103059;1597.6;1;9473648573;S
20240129;103059;1597.6;63;9473648574;S
20240129;103059;1597.4;99;9473648575;S
20240129;103059;1597.4;10;9473648576;S
20240129;103059;1597.2;167;9473648577;S
20240129;103059;1597.2;50;9473648578;S
20240129;103059;1597;4;9473648579;S
20240129;103059;1597;1;9473648580;S
20240129;103059;1597;71;9473648581;S
20240129;103059;1597.2;2;9473648620;B
20240129;103059;1597.2;22;9473648623;B
20240129;103059;1597.2;8;9473648680;B
20240129;103104;1597.2;8;9473649678;B
20240129;103105;1597.2;3;9473649967;B
20240129;103107;1597;14;9473650472;S
20240129;103108;1597.2;1;9473650583;B
20240129;103108;1597.2;1;9473650642;B
20240129;103110;1597.2;1;9473650963;B
20240129;103110;1597.2;16;9473651060;B
20240129;103111;1597;311;9473651219;S
20240129;103111;1597.2;35;9473651232;B
20240129;103112;1597.2;2;9473651418;B
20240129;103113;1597.2;1;9473651506;B
20240129;103113;1597.2;2;9473651507;B
20240129;103116;1597.6;2;9473651867;B
20240129;103116;1597.6;1;9473651889;B
20240129;103118;1597.6;10;9473652167;B
20240129;103120;1597.6;65;9473652547;B
20240129;103126;1598.2;1;9473653570;B
20240129;103126;1598.2;1;9473653587;B
20240129;103126;1598.2;1;9473653588;B
20240129;103126;1598.2;2;9473653589;B
20240129;103126;1598.2;1;9473653590;B
20240129;103126;1598.2;2;9473653591;B
20240129;103126;1598.2;1;9473653592;B
20240129;103126;1598.2;2;9473653593;B
20240129;103126;1598.2;1;9473653594;B
20240129;103126;1598.2;1;9473653595;B
20240129;103126;1598.2;2;9473653596;B
20240129;103126;1598.2;2;9473653597;B
20240129;103126;1598.2;2;9473653598;B
20240129;103126;1598.2;2;9473653599;B
20240129;103126;1598.2;1;9473653600;B
20240129;103126;1598.2;3;9473653601;B
20240129;103126;1598.2;2;9473653602;B
20240129;103126;1598.2;1;9473653603;B
20240129;103126;1598.2;1;9473653604;B
20240129;103126;1598.2;1;9473653605;B
20240129;103126;1598.2;2;9473653606;B
20240129;103126;1598.2;1;9473653607;B
20240129;103126;1598.2;1;9473653608;B
20240129;103126;1598.2;3;9473653609;B
20240129;103126;1598.2;1;9473653610;B
20240129;103126;1598.2;1;9473653611;B
20240129;103126;1598.2;1;9473653612;B
20240129;103126;1598.2;2;9473653613;B
20240129;103126;1598.2;1;9473653614;B
20240129;103126;1598.2;1;9473653615;B
20240129;103126;1598.2;1;9473653616;B
20240129;103126;1598.2;2;9473653617;B
20240129;103126;1598.2;1;9473653618;B
20240129;103126;1598.2;1;9473653619;B
20240129;103126;1598.2;4;9473653620;B
20240129;103126;1598.2;3;9473653621;B
20240129;103126;1598.2;1;9473653622;B
20240129;103126;1598.2;5;9473653623;B
20240129;103126;1598.2;1;9473653624;B
20240129;103126;1598.2;1;9473653625;B
20240129;103126;1598.2;1;9473653626;B
20240129;103126;1598.2;1;9473653627;B
20240129;103126;1598.2;1;9473653628;B
20240129;103126;1598.2;1;9473653629;B
20240129;103126;1598.2;2;9473653630;B
20240129;103126;1598.2;2;9473653631;B
20240129;103126;1598.2;1;9473653632;B
20240129;103126;1598.2;1;9473653633;B
20240129;103126;1598.2;1;9473653634;B
20240129;103126;1598.2;1;9473653635;B
20240129;103126;1598.2;1;9473653636;B
20240129;103126;1598.2;1;9473653637;B
20240129;103126;1598.2;1;9473653638;B
20240129;103126;1598.2;2;9473653639;B
20240129;103126;1598.2;2;9473653640;B
20240129;103126;1598.2;1;9473653641;B
20240129;103126;1598.2;2;9473653642;B
20240129;103126;1598.2;2;9473653643;B
20240129;103126;1598.2;5;9473653644;B
20240129;103126;1598.2;1;9473653645;B
20240129;103126;1598.2;1;9473653646;B
20240129;103126;1598.2;1;9473653647;B
20240129;103126;1598.2;1;9473653648;B
20240129;103126;1598.2;3;9473653649;B
20240129;103126;1598.2;1;9473653650;B
20240129;103126;1598.2;1;9473653651;B
20240129;103126;1598.2;1;9473653652;B
20240129;103126;1598.2;4;9473653653;B
20240129;103126;1598.2;1;9473653654;B
20240129;103126;1598.2;2;9473653655;B
20240129;103126;1598.2;2;9473653656;B
20240129;103126;1598.2;1;9473653657;B
20240129;103126;1598.2;1;9473653784;B
20240129;103127;1598.2;1;9473653877;B
20240129;103131;1598;1;9473654582;S
20240129;103133;1598;99;9473655150;S
20240129;103133;1598;6;9473655161;B
20240129;103133;1598;3;9473655315;B
20240129;103134;1598;3;9473655452;B
20240129;103139;1597.6;1;9473656342;S
20240129;103139;1597.6;3;9473656391;S
20240129;103139;1597.6;1;9473656400;S
20240129;103139;1597.6;1;9473656405;S
20240129;103139;1597.6;1;9473656407;S
20240129;103139;1597.6;4;9473656417;S
20240129;103139;1597.6;1;9473656423;S
20240129;103139;1597.6;1;9473656425;S
20240129;103139;1597.6;1;9473656429;S
20240129;103139;1597.6;1;9473656434;S
20240129;103139;1597.6;1;9473656435;S
20240129;103139;1597.6;1;9473656441;S
20240129;103139;1597.6;2;9473656442;S
20240129;103140;1597.6;2;9473656502;S
20240129;103140;1598;50;9473656529;B
20240129;103140;1597.6;2;9473656582;S
20240129;103141;1597.6;2;9473656605;S
20240129;103141;1597.6;1;9473656606;S
20240129;103141;1597.6;2;9473656622;S
20240129;103141;1597.6;1;9473656623;S
20240129;103141;1597.6;1;9473656630;S
20240129;103141;1597.2;1;9473656631;S
20240129;103141;1597.2;1;9473656638;S
20240129;103141;1598;1;9473656639;B
20240129;103141;1598;12;9473656644;B
20240129;103141;1597.2;4;9473656677;S
20240129;103141;1597.2;3;9473656680;S
20240129;103141;1597.2;2;9473656683;S
20240129;103141;1597.2;2;9473656688;S
20240129;103141;1597.2;4;9473656696;S
20240129;103141;1597.2;2;9473656699;S
20240129;103141;1597.2;1;9473656700;S
20240129;103141;1597.2;2;9473656703;S
20240129;103141;1597.2;2;9473656707;S
20240129;103141;1597.2;1;9473656709;S
20240129;103141;1597.2;3;9473656714;S
20240129;103141;1597.2;2;9473656718;S
20240129;103142;1597.2;2;9473656798;S
20240129;103142;1597.6;2;9473656898;S
20240129;103142;1597.6;1;9473656926;S
20240129;103142;1597.6;2;9473656930;S
20240129;103142;1597.4;1;9473656943;S
20240129;103142;1597.4;2;9473656944;S
20240129;103142;1597.4;1;9473656946;S
20240129;103143;1597.4;1;9473656947;S
20240129;103143;1597.4;1;9473656973;S
20240129;103143;1597.4;2;9473656985;S
20240129;103143;1597.4;1;9473656991;S
20240129;103143;1597.4;2;9473656995;S
20240129;103143;1597.4;2;9473657031;S
20240129;103143;1597.4;1;9473657036;S
20240129;103143;1597.4;2;9473657049;S
20240129;103143;1597.4;1;9473657051;S
20240129;103143;1597.4;1;9473657053;S
20240129;103143;1597.4;4;9473657055;S
20240129;103143;1597.4;4;9473657057;S
20240129;103143;1597.4;2;9473657058;S
20240129;103143;1598;1;9473657095;B
20240129;103143;1597.4;4;9473657148;S
20240129;103144;1597.4;2;9473657281;S
20240129;103144;1597.4;1;9473657296;S
20240129;103144;1597.4;1;9473657327;S
20240129;103144;1597.4;2;9473657330;S
20240129;103144;1597.4;1;9473657331;S
20240129;103144;1597.4;3;9473657332;S
20240129;103144;1597.4;1;9473657358;S
20240129;103145;1597.4;3;9473657392;S
20240129;103145;1597.4;2;9473657406;S
20240129;103145;1597.4;3;9473657415;S
20240129;103145;1597.4;1;9473657422;S
20240129;103145;1597.4;2;9473657450;S
20240129;103145;1597.4;1;9473657461;S
20240129;103145;1597.4;2;9473657462;S
20240129;103145;1597.4;1;9473657464;S
20240129;103145;1597.4;14;9473657466;S
20240129;103145;1597.4;1;9473657471;S
20240129;103145;1597.4;2;9473657473;S
20240129;103145;1597.4;2;9473657476;S
20240129;103145;1598;5;9473657489;B
20240129;103145;1597.4;1;9473657564;S
20240129;103146;1597.4;1;9473657720;S
20240129;103146;1598;106;9473657731;B
20240129;103146;1598.2;23;9473657732;B
20240129;103146;1598.2;600;9473657733;B
20240129;103146;1598.2;60;9473657734;B
20240129;103146;1598.2;60;9473657735;B
20240129;103146;1598.4;6;9473657736;B
20240129;103146;1598.6;10;9473657737;B
20240129;103146;1598.6;1;9473657738;B
20240129;103146;1598.6;2;9473657739;B
20240129;103146;1598.8;10;9473657740;B
20240129;103146;1599;193;9473657741;B
20240129;103146;1599.2;6;9473657742;B
20240129;103146;1599.4;16;9473657743;B
20240129;103146;1599.4;60;9473657744;B
20240129;103146;1599.6;106;9473657745;B
20240129;103146;1599.8;226;9473657746;B
20240129;103146;1600;400;9473657747;B
20240129;103146;1600;43;9473657748;B
20240129;103146;1600;3;9473657749;B
20240129;103146;1600;1;9473657750;B
20240129;103146;1600;1068;9473657751;B
20240129;103146;1598;5;9473657788;S
20240129;103146;1597.8;1;9473657805;S
20240129;103146;1597.8;1;9473657812;S
20240129;103146;1597.8;2;9473657813;S
20240129;103146;1597.8;3;9473657814;S
20240129;103146;1598;1;9473657824;S
20240129;103146;1598;1;9473657846;S
20240129;103146;1598;2;9473657855;S
20240129;103146;1598;2;9473657875;S
20240129;103147;1598;2;9473657878;S
20240129;103147;1598;2;9473657885;S
20240129;103147;1598;1;9473657892;S
20240129;103147;1598;2;9473657894;S
20240129;103147;1598;3;9473657895;S
20240129;103147;1598;2;9473657897;S
20240129;103147;1598;1;9473657901;S
20240129;103147;1598;1;9473657902;S
20240129;103147;1598;2;9473657903;S
20240129;103147;1598;3;9473657995;S
20240129;103148;1598;1;9473658135;S
20240129;103148;1598;4;9473658161;S
20240129;103148;1598;1;9473658196;S
20240129;103148;1598;13;9473658206;S
20240129;103148;1598;1;9473658207;S
20240129;103148;1598;7;9473658208;S
20240129;103148;1598;2;9473658211;S
20240129;103148;1598;2;9473658213;S
20240129;103148;1598;2;9473658241;S
20240129;103153;1598.6;16;9473659036;B
20240129;103153;1598.6;1;9473659037;B
20240129;103153;1598.6;2;9473659038;B
20240129;103153;1598.8;22;9473659039;B
20240129;103153;1598.8;60;9473659040;B
20240129;103153;1599;187;9473659041;B
20240129;103153;1599;12;9473659042;B
20240129;103154;1598;2;9473659326;S
20240129;103154;1598;1;9473659410;S
20240129;103154;1598;2;9473659411;S
20240129;103154;1598;1;9473659421;S
20240129;103154;1598;2;9473659424;S
20240129;103154;1598;1;9473659425;S
20240129;103154;1598;3;9473659442;S
20240129;103154;1598.6;10;9473659451;B
20240129;103155;1598.2;3;9473659575;S
20240129;103156;1598.2;1;9473659594;S
20240129;103156;1598.2;1;9473659612;S
20240129;103156;1598.2;1;9473659640;S
20240129;103156;1598.2;2;9473659647;S
20240129;103156;1598.2;1;9473659668;S
20240129;103156;1598.2;1;9473659673;S
20240129;103156;1598.6;1;9473659674;B
20240129;103156;1598.2;2;9473659677;S
20240129;103156;1598.2;2;9473659680;S
20240129;103156;1598.2;4;9473659681;S
20240129;103156;1598.2;2;9473659687;S
20240129;103156;1598.2;1;9473659690;S
20240129;103156;1598.2;2;9473659694;S
20240129;103156;1598.2;1;9473659697;S
20240129;103156;1598.2;4;9473659700;S
20240129;103156;1598.2;1;9473659705;S
20240129;103156;1598.2;2;9473659710;S
20240129;103156;1598.2;1;9473659714;S
20240129;103156;1598.2;2;9473659716;S
20240129;103156;1598.2;15;9473659911;S
20240129;103157;1598.2;1;9473660190;S
20240129;103158;1598.2;2;9473660228;S
20240129;103158;1598.2;1;9473660240;S
20240129;103158;1597.4;1;9473660257;S
20240129;103158;1597.4;1;9473660281;S
20240129;103158;1597.4;4;9473660284;S
20240129;103158;1597.4;2;9473660289;S
20240129;103158;1597.4;1;9473660292;S
20240129;103158;1597.4;1;9473660297;S
20240129;103158;1597.4;1;9473660299;S
20240129;103158;1597.4;2;9473660303;S
20240129;103158;1597.4;2;9473660306;S
20240129;103158;1597.4;2;9473660309;S
20240129;103158;1597.4;2;9473660313;S
20240129;103158;1597.4;2;9473660314;S
20240129;103158;1597.4;2;9473660316;S
20240129;103158;1597.4;1;9473660319;S
20240129;103158;1597.4;1;9473660324;S
20240129;103158;1597.6;1;9473660326;S
20240129;103159;1597.6;1;9473660512;S
20240129;103200;1597.6;2;9473660562;S
20240129;103200;1597.6;1;9473660575;S
20240129;103200;1597.6;4;9473660597;S
20240129;103200;1597.6;1;9473660605;S
20240129;103200;1597.6;1;9473660606;S
20240129;103200;1597.6;2;9473660608;S
20240129;103200;1597.6;3;9473660609;S
20240129;103200;1597.6;1;9473660611;S
20240129;103200;1597.6;2;9473660613;S
20240129;103200;1597.6;1;9473660617;S
20240129;103200;1597.6;3;9473660618;S
20240129;103200;1597.6;2;9473660623;S
20240129;103200;1597.6;1;9473660625;S
20240129;103200;1597.6;1;9473660626;S
20240129;103200;1597.6;1;9473660627;S
20240129;103200;1597.4;1;9473660628;S
20240129;103200;1597.4;4;9473660631;S
20240129;103200;1597.4;1;9473660643;S
20240129;103200;1597.4;2;9473660645;S
20240129;103200;1597.4;1;9473660647;S
20240129;103200;1597.6;1;9473660653;S
20240129;103201;1597.6;1;9473660904;S
20240129;103201;1597.4;1;9473660905;S
20240129;103202;1597.6;2;9473660950;S
20240129;103202;1597.4;1;9473660951;S
20240129;103202;1597.6;2;9473660961;S
20240129;103202;1597.6;3;9473661016;S
20240129;103202;1597.6;1;9473661019;S
20240129;103202;1597.6;1;9473661058;S
20240129;103202;1597.6;4;9473661072;S
20240129;103202;1597.6;2;9473661133;S
20240129;103202;1597.6;2;9473661139;S
20240129;103202;1597.4;16;9473661140;S
20240129;103202;1597.4;2;9473661143;S
20240129;103202;1597.4;2;9473661157;S
20240129;103204;1598.4;2;9473661425;B
20240129;103204;1598.4;4;9473661426;B
20240129;103205;1598.4;1;9473661607;B
20240129;103206;1597.6;2;9473661725;S
20240129;103206;1597.6;7;9473661726;S
20240129;103206;1597.4;24;9473661727;S
20240129;103212;1598.4;11;9473662672;B
20240129;103212;1598.4;9;9473662673;B
20240129;103214;1598.4;2;9473663220;B
20240129;103220;1597.6;2;9473664683;S
20240129;103220;1597.6;3;9473664684;S
20240129;103220;1597.6;1;9473664685;S
20240129;103221;1597.8;1;9473664861;S
20240129;103223;1597.8;1;9473665111;S
20240129;103223;1597.6;2;9473665112;S
20240129;103223;1597.6;2;9473665113;S
20240129;103223;1597.4;55;9473665114;S
20240129;103225;1598.4;1;9473665688;B
20240129;103229;1597.8;1;9473666379;B
20240129;103236;1598;2;9473667414;S
20240129;103237;1598;3;9473667591;S
20240129;103237;1598;1;9473667592;S
20240129;103237;1597.8;36;9473667593;S
20240129;103241;1597.8;1;9473667940;S
20240129;103241;1597.8;4;9473667941;S
20240129;103250;1598.4;1;9473669250;B
20240129;103250;1598.4;2;9473669251;B
20240129;103256;1598.4;14;9473670026;B
20240129;103256;1598.4;10;9473670027;B
20240129;103256;1598.4;2;9473670028;B
20240129;103256;1598.4;16;9473670032;S
20240129;103256;1598.4;2;9473670034;S
20240129;103256;1598.4;10;9473670059;S
20240129;103257;1598.4;10;9473670186;S
20240129;103258;1599;30;9473670289;B
20240129;103258;1599;4;9473670290;B
20240129;103258;1599.2;1;9473670291;B
20240129;103258;1599.2;14;9473670292;B
20240129;103301;1598.4;10;9473670672;S
20240129;103303;1599.4;10;9473670992;B
20240129;103315;1599;2;9473672543;S
20240129;103316;1598.8;45;9473672588;S
20240129;103320;1600;12;9473673013;B
20240129;103324;1599.8;6;9473673465;B
20240129;103324;1600;10;9473673466;B
20240129;103324;1600.2;5;9473673467;B
20240129;103328;1599.2;23;9473674034;S
20240129;103328;1599.2;40;9473674035;S
20240129;103330;1600;8;9473674263;B
20240129;103333;1600;1;9473674707;B
20240129;103334;1600;1;9473674886;B
20240129;103334;1600;63;9473674887;B
20240129;103334;1600.2;23;9473674888;B
20240129;103334;1600.2;13;9473674889;B
20240129;103335;1599.2;1;9473675030;S
20240129;103340;1600.2;1;9473675784;B
20240129;103341;1600.2;1;9473675858;B
20240129;103342;1599.4;5;9473676056;S
20240129;103343;1600.2;1;9473676174;B
