<DATE>;<TIME>;<LAST>;<VOL>;<ID>;<OPER>
20240125;095935;1616;8;9463799398;B
20240125;095935;1616;22;9463799399;B
20240125;095935;1616;1;9463799400;B
20240125;095935;1616;1;9463799401;B
20240125;095935;1616;36;9463799402;B
20240125;095935;1616;8;9463799403;B
20240125;095935;1616;60;9463799404;B
20240125;095935;1616;1;9463799405;B
20240125;095935;1616;2;9463799406;B
20240125;095935;1616;2;9463799407;B
20240125;095935;1616;4;9463799408;S
20240125;095935;1616;3;9463799409;S
20240125;095935;1616;3;9463799410;S
20240125;095935;1616;3;9463799411;S
20240125;095935;1616;78;9463799412;S
20240125;095935;1616;1;9463799413;S
20240125;095935;1616;21;9463799414;S
20240125;095935;1616;79;9463799415;S
20240125;095935;1616;3;9463799416;S
20240125;095935;1616;1;9463799417;S
20240125;095935;1616;1;9463799418;S
20240125;095935;1616;1;9463799419;S
20240125;095935;1616;15;9463799420;S
20240125;095935;1616;10;9463799421;S
20240125;095935;1616;30;9463799422;S
20240125;095935;1616;60;9463799423;S
20240125;095935;1616;100;9463799424;S
20240125;095935;1616;4;9463799425;S
20240125;095935;1616;2;9463799426;S
20240125;095935;1616;74;9463799427;B
20240125;095935;1616;26;9463799428;B
20240125;095935;1616;4;9463799429;B
20240125;095935;1616;20;9463799430;S
20240125;095935;1616;20;9463799431;B
20240125;095935;1616;20;9463799432;S
20240125;095935;1616;1;9463799433;B
20240125;095935;1616;35;9463799434;S
20240125;095935;1616;15;9463799435;S
20240125;095935;1616;2;9463799436;S
20240125;095935;1616;27;9463799437;S
20240125;095935;1616;1;9463799438;B
20240125;095935;1616;1;9463799439;B
20240125;095935;1616;50;9463799440;S
20240125;095935;1616;1;9463799441;S
20240125;095935;1616;3;9463799442;S
20240125;095935;1616;100;9463799443;S
20240125;095935;1616;27;9463799444;S
20240125;095935;1616;60;9463799445;S
20240125;095935;1616;13;9463799446;S
20240125;095935;1616;100;9463799447;S
20240125;095935;1616;73;9463799448;S
20240125;095935;1616;27;9463799449;S
20240125;095935;1616;153;9463799450;S
20240125;095935;1616;26;9463799451;S
20240125;095935;1616;4;9463799452;S
20240125;095935;1616;3;9463799453;B
20240125;095935;1616;5;9463799454;B
20240125;095935;1616;3;9463799455;B
20240125;095935;1616;4;9463799456;B
20240125;095935;1616;51;9463799457;S
20240125;095935;1616;49;9463799458;S
20240125;095935;1616;5;9463799459;B
20240125;095935;1616;20;9463799460;B
20240125;095935;1616;21;9463799461;S
20240125;095935;1616;1;9463799462;B
20240125;095935;1616;40;9463799463;S
20240125;095935;1616;1;9463799464;S
20240125;095935;1616;37;9463799465;B
20240125;100000;1617;1;9463805193;B
20240125;100000;1617;20;9463805194;B
20240125;100000;1617;3;9463805195;B
20240125;100000;1617;3;9463805196;B
20240125;100000;1617;3;9463805197;B
20240125;100000;1617;3;9463805198;B
20240125;100000;1617;3;9463805199;B
20240125;100000;1617;3;9463805200;B
20240125;100000;1617;3;9463805201;B
20240125;100000;1617;3;9463805202;B
20240125;100000;1617;3;9463805203;B
20240125;100000;1617;3;9463805204;B
20240125;100000;1617;3;9463805205;B
20240125;100000;1617;3;9463805206;B
20240125;100000;1617;3;9463805207;B
20240125;100000;1617;3;9463805208;B
20240125;100000;1617;3;9463805209;B
20240125;100000;1617;3;9463805210;B
20240125;100000;1617;3;9463805211;B
20240125;100000;1617;3;9463805212;B
20240125;100000;1617;3;9463805213;B
20240125;100000;1617;3;9463805214;B
20240125;100000;1617;3;9463805215;B
20240125;100000;1617;3;9463805216;B
20240125;100000;1617.2;3;9463805217;B
20240125;100000;1617.2;3;9463805218;B
20240125;100000;1617.2;3;9463805219;B
20240125;100000;1617.2;3;9463805220;B
20240125;100000;1617.2;3;9463805221;B
20240125;100000;1617.2;3;9463805222;B
20240125;100000;1617.2;3;9463805223;B
20240125;100000;1617.2;3;9463805224;B
20240125;100000;1617.2;3;9463805225;B
20240125;100000;1617.2;3;9463805226;B
20240125;100000;1617.2;3;9463805227;B
20240125;100000;1617.2;3;9463805228;B
20240125;100000;1617.2;3;9463805229;B
20240125;100000;1617.2;3;9463805230;B
20240125;100000;1617.2;3;9463805231;B
20240125;100000;1617.2;3;9463805232;B
20240125;100000;1617.2;3;9463805233;B
20240125;100000;1617.2;3;9463805234;B
20240125;100000;1617.2;3;9463805235;B
20240125;100000;1617.2;3;9463805236;B
20240125;100000;1617.2;3;9463805237;B
20240125;100000;1617.2;3;9463805238;B
20240125;100000;1617.6;5;9463805288;B
20240125;100000;1618;30;9463805825;B
20240125;100000;1618;1;9463805826;B
20240125;100000;1618.8;11;9463805827;B
20240125;100000;1618.8;19;9463805828;B
20240125;100001;1618.8;14;9463805849;B
20240125;100001;1618.8;57;9463805904;B
20240125;100001;1618.8;29;9463805967;B
20240125;100001;1617.8;7;9463805975;S
20240125;100001;1618.8;6;9463806040;B
20240125;100001;1617.8;4;9463806210;S
20240125;100001;1619;1;9463806477;B
20240125;100002;1619;1;9463806737;B
20240125;100002;1619;2;9463806738;B
20240125;100002;1617.8;1;9463806781;S
20240125;100002;1618.8;20;9463806978;B
20240125;100002;1618.8;10;9463806990;B
20240125;100002;1619;28;9463806991;B
20240125;100002;1619;1;9463806992;B
20240125;100002;1619;112;9463806993;B
20240125;100002;1619;118;9463806994;B
20240125;100002;1617.8;4;9463807013;S
20240125;100004;1618.8;1;9463808185;B
20240125;100004;1618.6;1;9463808469;S
20240125;100005;1618.8;1;9463808623;B
20240125;100005;1618.6;1;9463808741;S
20240125;100005;1618.8;1;9463808866;B
20240125;100005;1618.6;3;9463809327;S
20240125;100005;1618.8;1;9463809720;B
20240125;100005;1618.6;3;9463809967;S
20240125;100005;1618.6;1;9463810092;S
20240125;100006;1618.6;62;9463810255;S
20240125;100006;1618.8;1;9463810257;B
20240125;100006;1618.8;2;9463810392;B
20240125;100006;1618.6;1;9463811087;S
20240125;100007;1618.8;1;9463811330;B
20240125;100007;1618.8;2;9463811426;B
20240125;100007;1619;18;9463811427;B
20240125;100008;1619;15;9463811946;B
20240125;100008;1619;1;9463811991;B
20240125;100008;1619;16;9463812167;B
20240125;100009;1619.2;5;9463812609;B
20240125;100009;1619.2;1;9463812635;B
20240125;100009;1619.2;3;9463812636;B
20240125;100010;1619.2;7;9463812746;B
20240125;100010;1619.2;4;9463812747;B
20240125;100010;1619.2;50;9463812748;B
20240125;100010;1619.2;1;9463812749;B
20240125;100010;1619.4;10;9463812750;B
20240125;100010;1619.4;10;9463812751;B
20240125;100010;1619.4;7;9463812752;B
20240125;100010;1619.4;4;9463812753;B
20240125;100010;1619.4;15;9463812851;B
20240125;100010;1619;35;9463812858;S
20240125;100010;1619.4;1;9463812859;B
20240125;100010;1619.6;10;9463812860;B
20240125;100010;1619.6;618;9463812887;B
20240125;100010;1619.6;216;9463812903;B
20240125;100010;1619.6;16;9463812909;B
20240125;100010;1619.6;617;9463812912;B
20240125;100010;1619.6;53;9463812914;B
20240125;100010;1619.8;6;9463812915;B
20240125;100010;1619.8;1;9463812916;B
20240125;100010;1619.8;1;9463812917;B
20240125;100010;1619.8;1;9463812918;B
20240125;100010;1619.8;3;9463812919;B
20240125;100010;1620;1;9463812920;B
20240125;100010;1620;6;9463812921;B
20240125;100010;1620;1;9463812922;B
20240125;100010;1620;38;9463812923;B
20240125;100010;1620;2;9463812924;B
20240125;100010;1620;4;9463812925;B
20240125;100010;1620;2;9463812926;B
20240125;100010;1620;1;9463812927;B
20240125;100010;1620;1;9463812928;B
20240125;100010;1620;1;9463812929;B
20240125;100010;1620;50;9463812930;B
20240125;100010;1620;2;9463812931;B
20240125;100010;1620;3;9463812932;B
20240125;100010;1620;3;9463812933;B
20240125;100010;1620;9;9463812934;B
20240125;100010;1620;4;9463812935;B
20240125;100010;1620;1;9463812936;B
20240125;100010;1620;15;9463812937;B
20240125;100010;1620;5;9463812938;B
20240125;100010;1620;5;9463812939;B
20240125;100010;1620;1;9463812940;B
20240125;100010;1620;1;9463812941;B
20240125;100010;1620;1;9463812942;B
20240125;100010;1620;5;9463812943;B
20240125;100010;1620;1;9463812944;B
20240125;100010;1620;2;9463812945;B
20240125;100010;1620;1;9463812946;B
20240125;100010;1620;3;9463812947;B
20240125;100010;1620;40;9463812948;B
20240125;100010;1620;19;9463812949;B
20240125;100010;1620;50;9463812950;B
20240125;100010;1620;1;9463812951;B
20240125;100010;1620;1;9463812952;B
20240125;100010;1620;20;9463812953;B
20240125;100010;1620;20;9463812954;B
20240125;100010;1620;20;9463812955;B
20240125;100010;1620;2;9463812956;B
20240125;100010;1620;1;9463812957;B
20240125;100010;1620;30;9463812958;B
20240125;100010;1620;1;9463812959;B
20240125;100010;1620;10;9463812960;B
20240125;100010;1620;1;9463812961;B
20240125;100010;1620;10;9463812962;B
20240125;100010;1620;5;9463812963;B
20240125;100010;1620;1;9463812964;B
20240125;100010;1620;20;9463812965;B
20240125;100010;1620;10;9463812966;B
20240125;100010;1620.2;1;9463812967;B
20240125;100010;1620.2;10;9463812968;B
20240125;100010;1620.2;4;9463812969;B
20240125;100010;1620.2;1;9463812970;B
20240125;100010;1620.4;1;9463812971;B
20240125;100010;1620.4;100;9463812974;S
20240125;100010;1620.6;1;9463812975;B
20240125;100010;1620.6;5;9463812976;B
20240125;100010;1620.6;1;9463812977;B
20240125;100010;1620.8;1;9463812978;B
20240125;100010;1620.8;10;9463812979;B
20240125;100010;1620.8;2;9463812980;B
20240125;100010;1620.8;2;9463812981;B
20240125;100010;1621;1;9463812982;B
20240125;100010;1621;1;9463812983;B
20240125;100010;1621;1;9463812984;B
20240125;100010;1621;10;9463812985;B
20240125;100010;1621.2;1;9463812986;B
20240125;100010;1621.2;11;9463812987;B
20240125;100010;1621.2;185;9463812988;B
20240125;100010;1621.4;3;9463812989;B
20240125;100010;1621.4;1;9463812990;B
20240125;100010;1621.6;1;9463812991;B
20240125;100010;1621.6;2;9463812992;B
20240125;100010;1621.8;1;9463812993;B
20240125;100010;1621.8;2;9463812994;B
20240125;100010;1621.8;33;9463812995;B
20240125;100010;1620.4;4;9463812998;S
20240125;100010;1620.4;10;9463812999;S
20240125;100010;1620.4;86;9463813001;B
20240125;100010;1621.6;185;9463813002;B
20240125;100010;1621.8;79;9463813003;B
20240125;100010;1622;12;9463813004;B
20240125;100010;1622;1;9463813005;B
20240125;100010;1622;1;9463813006;B
20240125;100010;1622;2;9463813007;B
20240125;100010;1622;194;9463813008;B
20240125;100010;1622;10;9463813009;B
20240125;100010;1622;1;9463813010;B
20240125;100010;1622;95;9463813011;B
20240125;100010;1622.2;1;9463813012;B
20240125;100010;1622.2;11;9463813013;B
20240125;100010;1622.2;100;9463813014;B
20240125;100010;1622.4;1;9463813015;B
20240125;100010;1622.4;221;9463813016;B
20240125;100010;1622.4;100;9463813017;B
20240125;100010;1622.4;1;9463813030;B
20240125;100010;1622.4;138;9463813031;B
20240125;100010;1622.2;2;9463813034;S
20240125;100010;1620.6;100;9463813047;B
20240125;100010;1620.6;100;9463813059;B
20240125;100010;1620.6;10;9463813073;S
20240125;100010;1622;20;9463813077;S
20240125;100010;1622;1;9463813078;S
20240125;100010;1622;4;9463813079;S
20240125;100010;1621.6;4;9463813080;S
20240125;100010;1620.8;48;9463813081;S
20240125;100010;1620.8;14;9463813082;S
20240125;100010;1620.6;52;9463813083;S
20240125;100010;1620.6;17;9463813084;S
20240125;100010;1620.4;62;9463813090;S
20240125;100010;1620;27;9463813091;S
20240125;100010;1619.4;1;9463813092;S
20240125;100010;1620;20;9463813094;S
20240125;100010;1620;41;9463813099;S
20240125;100010;1621;5;9463813129;B
20240125;100010;1622;1;9463813130;B
20240125;100010;1622.2;4;9463813131;B
20240125;100010;1622;45;9463813153;B
20240125;100010;1622;50;9463813159;B
20240125;100010;1622;2;9463813161;B
20240125;100010;1622;2;9463813162;B
20240125;100010;1620.4;62;9463813165;S
20240125;100010;1620.2;38;9463813166;S
20240125;100010;1622;124;9463813167;B
20240125;100010;1620.2;62;9463813260;S
20240125;100010;1620.2;62;9463813261;S
20240125;100010;1620;97;9463813262;S
20240125;100010;1620.2;1;9463813342;S
20240125;100011;1620.2;61;9463813343;S
20240125;100011;1620.2;9;9463813427;B
20240125;100011;1620.2;10;9463813444;B
20240125;100011;1620;50;9463813486;B
20240125;100011;1620.2;14;9463813487;B
20240125;100011;1622.2;20;9463813494;B
20240125;100011;1622.2;4;9463813496;B
20240125;100011;1620.2;10;9463813501;S
20240125;100011;1620.2;10;9463813503;S
20240125;100011;1620.2;1;9463813506;S
20240125;100011;1620.2;2;9463813507;S
20240125;100011;1621.4;30;9463813509;B
20240125;100011;1620.4;3;9463813510;S
20240125;100011;1620.4;1;9463813520;S
20240125;100011;1621.4;40;9463813521;B
20240125;100011;1620.4;58;9463813524;S
20240125;100011;1620.2;39;9463813525;S
20240125;100011;1620.2;3;9463813526;S
20240125;100011;1621.4;1;9463813555;B
20240125;100011;1620.4;2;9463813572;S
20240125;100011;1620.2;5;9463813577;B
20240125;100011;1622;15;9463813579;S
20240125;100011;1622;42;9463813581;S
20240125;100011;1620.8;3;9463813582;S
20240125;100011;1620.8;4;9463813584;S
20240125;100011;1620;1;9463813588;B
20240125;100011;1620;6;9463813589;S
20240125;100011;1620.6;50;9463813596;S
20240125;100011;1621.8;1;9463813597;B
20240125;100011;1622;49;9463813598;B
20240125;100011;1622;9;9463813599;B
20240125;100011;1622.2;11;9463813600;B
20240125;100011;1620.6;2;9463813604;S
20240125;100011;1622;3;9463813607;B
20240125;100011;1622.2;51;9463813613;B
20240125;100011;1622.2;2;9463813614;B
20240125;100011;1622.4;193;9463813615;B
20240125;100011;1622;1;9463813616;S
20240125;100011;1622;16;9463813619;S
20240125;100011;1620.6;84;9463813620;S
20240125;100011;1621.6;1;9463813621;S
20240125;100011;1622.4;154;9463813622;B
20240125;100011;1622.4;37;9463813623;B
20240125;100011;1621.6;3;9463813624;S
20240125;100011;1620.8;15;9463813625;S
20240125;100011;1620.6;20;9463813627;S
20240125;100011;1620.6;165;9463813628;S
20240125;100011;1620.4;100;9463813629;S
20240125;100011;1620;4;9463813630;S
20240125;100011;1620;30;9463813631;S
20240125;100011;1619.8;56;9463813632;S
20240125;100011;1619.8;645;9463813633;B
20240125;100011;1622.2;2;9463813636;B
20240125;100011;1622.4;157;9463813637;B
20240125;100011;1622.4;5;9463813638;B
20240125;100011;1622.6;1;9463813639;B
20240125;100011;1622.6;1;9463813640;B
20240125;100011;1622.6;10;9463813641;B
20240125;100011;1622.6;3;9463813642;B
20240125;100011;1622.6;3;9463813643;B
20240125;100011;1622.6;34;9463813644;B
20240125;100011;1621.6;4;9463813645;S
20240125;100011;1619.8;2;9463813646;S
20240125;100011;1622.6;25;9463813648;B
20240125;100011;1619.8;1;9463813649;S
20240125;100011;1620;12;9463813650;S
20240125;100011;1622.6;126;9463813651;B
20240125;100011;1622.8;1;9463813652;B
20240125;100011;1622.8;4;9463813653;B
20240125;100011;1623;7;9463813654;B
20240125;100011;1623;1;9463813655;B
20240125;100011;1623;1;9463813656;B
20240125;100011;1623;5;9463813657;B
20240125;100011;1623;155;9463813658;B
20240125;100011;1621;30;9463813661;B
20240125;100011;1619.8;39;9463813670;S
20240125;100011;1619.8;1;9463813677;S
20240125;100011;1621;4;9463813686;B
20240125;100011;1620;1;9463813692;B
20240125;100011;1621;16;9463813694;B
20240125;100011;1622;4;9463813695;B
20240125;100011;1620.2;5;9463813697;S
20240125;100011;1621.2;1;9463813714;B
20240125;100011;1621.2;27;9463813739;B
20240125;100011;1620.2;44;9463813752;S
20240125;100011;1620.2;2;9463813760;S
20240125;100011;1620.2;10;9463813762;S
20240125;100011;1620.2;10;9463813763;S
20240125;100011;1620.2;3;9463813768;S
20240125;100011;1621.2;4;9463813778;B
20240125;100011;1620.2;1;9463813824;S
20240125;100011;1620.2;2;9463813827;S
20240125;100011;1620.2;5;9463813828;S
20240125;100011;1620.6;2;9463813832;S
20240125;100012;1620.8;5;9463813896;S
20240125;100012;1620.8;5;9463813920;S
20240125;100012;1620.6;1;9463813921;S
20240125;100012;1620.6;5;9463813927;S
20240125;100012;1620.6;1;9463813933;S
20240125;100012;1621.6;18;9463813942;B
20240125;100012;1620.6;1;9463813966;S
20240125;100012;1620.6;44;9463813975;S
20240125;100012;1621;1;9463814000;B
20240125;100012;1621.4;1;9463814001;B
20240125;100012;1621.6;138;9463814002;B
20240125;100012;1620.6;12;9463814009;S
20240125;100012;1620.6;32;9463814033;S
20240125;100012;1621.6;23;9463814046;B
20240125;100012;1621.8;132;9463814047;B
20240125;100012;1620.6;10;9463814070;S
20240125;100012;1621;1;9463814077;B
20240125;100012;1621.8;4;9463814078;B
20240125;100012;1620.6;10;9463814088;S
20240125;100012;1620.6;30;9463814102;S
20240125;100012;1621;20;9463814202;S
20240125;100012;1620.8;40;9463814203;S
20240125;100012;1620.8;5;9463814205;S
20240125;100013;1621.6;4;9463814241;B
20240125;100013;1620.8;5;9463814249;S
20240125;100013;1620.8;10;9463814288;S
20240125;100013;1620.8;8;9463814295;S
20240125;100013;1620.8;2;9463814347;S
20240125;100013;1621;4;9463814388;B
20240125;100013;1620.8;2;9463814395;S
20240125;100013;1620.8;13;9463814445;S
20240125;100014;1620.8;1;9463814556;S
20240125;100014;1620.8;1;9463814585;S
20240125;100014;1621;5;9463814628;B
20240125;100014;1620.8;6;9463814789;S
20240125;100014;1620.4;18;9463814790;S
20240125;100014;1621;30;9463814810;B
20240125;100014;1620.4;5;9463814857;S
20240125;100015;1620.8;1;9463815064;B
20240125;100015;1621;8;9463815065;B
20240125;100015;1621;1;9463815201;B
20240125;100015;1620.6;3;9463815278;S
20240125;100016;1621;1;9463815398;B
20240125;100016;1621;31;9463815490;B
20240125;100016;1621.4;5;9463815619;B
20240125;100016;1621.4;6;9463815620;B
20240125;100016;1621.6;6;9463815621;B
20240125;100017;1621.6;62;9463815848;B
20240125;100017;1621.8;464;9463815849;B
20240125;100017;1621.8;2;9463815850;B
20240125;100017;1622;46;9463815851;B
20240125;100017;1622;12;9463815852;B
20240125;100017;1622;50;9463815853;B
20240125;100017;1622.2;20;9463815854;B
20240125;100017;1622.2;344;9463815855;B
20240125;100017;1622.2;506;9463815904;B
20240125;100017;1622.4;106;9463815905;B
20240125;100017;1622.6;1;9463815906;B
20240125;100017;1622.8;62;9463815907;B
20240125;100017;1623;30;9463815908;B
20240125;100017;1623;5;9463815909;B
20240125;100017;1623;50;9463815910;B
20240125;100017;1623;8;9463815911;B
20240125;100017;1623;7;9463815912;B
20240125;100017;1623;10;9463815913;B
20240125;100017;1623;100;9463815914;B
20240125;100017;1623;20;9463815915;B
20240125;100017;1623;3;9463815916;B
20240125;100017;1623;3;9463815917;B
20240125;100017;1623;3;9463815918;B
20240125;100017;1623.2;1;9463815919;B
20240125;100017;1623.2;5;9463815920;B
20240125;100017;1623.2;80;9463815921;B
20240125;100019;1622.6;1;9463816367;B
20240125;100019;1623;70;9463816368;B
20240125;100019;1623.2;50;9463816369;B
20240125;100019;1623.4;1;9463816370;B
20240125;100019;1623.4;30;9463816371;B
20240125;100019;1623.6;1;9463816372;B
20240125;100019;1623.6;3;9463816373;B
20240125;100019;1623.8;1;9463816374;B
20240125;100019;1623.8;4;9463816375;B
20240125;100019;1623.8;139;9463816376;B
20240125;100019;1623.6;10;9463816464;B
20240125;100020;1623.6;1;9463816586;B
20240125;100020;1622.2;1;9463816587;S
20240125;100020;1622.2;5;9463816604;S
20240125;100020;1622.2;1;9463816610;S
20240125;100020;1622.2;1;9463816706;S
20240125;100021;1622.4;1;9463817120;S
20240125;100022;1622.4;1;9463817190;S
20240125;100022;1622.4;1;9463817208;S
20240125;100022;1623.2;1;9463817305;B
20240125;100022;1623.4;1;9463817306;B
20240125;100022;1622.2;75;9463817377;S
20240125;100022;1623.2;20;9463817400;B
20240125;100023;1622.2;1;9463817602;S
20240125;100024;1623.2;4;9463817904;B
20240125;100025;1623.2;19;9463817994;B
20240125;100027;1622.2;20;9463818274;S
20240125;100027;1622.6;10;9463818323;B
20240125;100027;1623;1;9463818326;B
20240125;100027;1623.2;20;9463818327;B
20240125;100027;1623.4;1;9463818328;B
20240125;100027;1623.4;62;9463818329;B
20240125;100027;1623.4;10;9463818330;B
20240125;100027;1623.4;53;9463818331;B
20240125;100027;1623.4;53;9463818332;B
20240125;100028;1623.4;46;9463818477;B
20240125;100028;1623.4;69;9463818478;B
20240125;100028;1623.6;92;9463818479;B
20240125;100029;1623.6;1;9463818614;B
20240125;100029;1622.4;5;9463818715;S
20240125;100030;1623.2;125;9463818963;S
20240125;100031;1622.4;2;9463819015;S
20240125;100032;1623;7;9463819190;B
20240125;100033;1623;3;9463819357;B
20240125;100034;1623;15;9463819538;B
20240125;100034;1623.2;62;9463819539;B
20240125;100034;1623.2;19;9463819540;B
20240125;100034;1623.2;62;9463819541;B
20240125;100034;1623.4;192;9463819542;B
20240125;100034;1622.6;5;9463819560;S
20240125;100034;1622.2;45;9463819561;S
20240125;100034;1623.4;1;9463819603;B
20240125;100035;1623.4;4;9463819699;B
20240125;100035;1623.4;62;9463819700;B
20240125;100035;1623.4;62;9463819701;B
20240125;100035;1623.4;22;9463819702;B
20240125;100036;1622.2;2;9463819900;S
20240125;100038;1623;1;9463820386;B
20240125;100038;1623.4;23;9463820387;B
20240125;100038;1623.4;2;9463820388;B
20240125;100038;1623.4;4;9463820389;B
20240125;100039;1622.4;2;9463820644;S
20240125;100039;1622.2;38;9463820645;S
20240125;100040;1622.6;1;9463820802;B
20240125;100040;1623.2;10;9463820803;B
20240125;100040;1623.4;6;9463820804;B
20240125;100040;1623.4;33;9463820805;B
20240125;100041;1622.6;1;9463821072;S
20240125;100041;1622.6;136;9463821118;S
20240125;100041;1622.4;1;9463821119;S
20240125;100041;1622.2;186;9463821120;S
20240125;100041;1622.2;62;9463821121;S
20240125;100041;1622;135;9463821122;S
20240125;100041;1623.4;200;9463821183;B
20240125;100042;1622.4;10;9463821318;S
20240125;100043;1622.6;1;9463821549;B
20240125;100043;1622.6;31;9463821580;B
20240125;100044;1622.6;8;9463821814;B
20240125;100044;1623.2;2;9463821815;B
20240125;100044;1623.4;20;9463821816;B
20240125;100045;1623.4;14;9463821949;B
20240125;100045;1623.4;36;9463821950;B
20240125;100045;1622.6;4;9463822170;S
20240125;100045;1622.2;119;9463822171;S
20240125;100046;1622.8;20;9463822386;B
20240125;100047;1622.8;1;9463822512;B
20240125;100048;1622.6;1;9463822752;B
20240125;100048;1622.8;4;9463822753;B
20240125;100048;1622.8;29;9463822818;B
20240125;100048;1622.4;1;9463822857;S
20240125;100049;1622.8;1;9463822944;B
20240125;100050;1622.4;1;9463823200;S
20240125;100050;1622.2;1;9463823201;S
20240125;100050;1622.6;2;9463823251;B
20240125;100050;1622.8;61;9463823252;B
20240125;100050;1622.8;26;9463823253;B
20240125;100050;1622.8;20;9463823254;B
20240125;100050;1623;91;9463823255;B
20240125;100052;1622.4;1;9463823569;B
20240125;100054;1622.4;1;9463823947;B
20240125;100054;1622.8;49;9463823948;B
20240125;100056;1622.4;7;9463824268;B
20240125;100056;1622.2;4;9463824477;S
20240125;100056;1622.2;1;9463824478;S
20240125;100056;1622.2;20;9463824479;S
20240125;100056;1622;360;9463824480;S
20240125;100056;1622;259;9463824481;S
20240125;100057;1622;21;9463824658;S
20240125;100058;1622;1;9463824669;S
20240125;100059;1622;20;9463824816;S
20240125;100059;1622;56;9463824959;S
20240125;100100;1622;3;9463825079;S
20240125;100100;1622;1;9463825096;S
20240125;100100;1622;33;9463825138;S
20240125;100100;1622;4;9463825142;S
20240125;100101;1622;2;9463825487;S
20240125;100102;1622;4;9463825559;S
20240125;100102;1622;96;9463825698;S
20240125;100103;1621.6;4;9463825950;S
20240125;100103;1621.6;6;9463825951;S
20240125;100104;1621.6;10;9463826109;S
20240125;100104;1621.6;50;9463826130;S
20240125;100105;1621.6;89;9463826199;S
20240125;100107;1621.2;12;9463826618;S
20240125;100109;1621.4;1;9463827038;B
20240125;100109;1621.4;5;9463827039;B
20240125;100109;1621.4;5;9463827146;B
20240125;100109;1621.4;3;9463827147;B
20240125;100109;1621.2;57;9463827155;S
20240125;100109;1621.2;1;9463827156;S
20240125;100109;1620.8;3;9463827157;S
20240125;100109;1620.6;3;9463827158;S
20240125;100109;1620.6;2;9463827159;S
20240125;100109;1620.6;5;9463827160;S
20240125;100109;1620.4;127;9463827161;S
20240125;100109;1620.4;3;9463827162;S
20240125;100109;1620.4;250;9463827163;S
20240125;100109;1620.2;6;9463827164;S
20240125;100109;1620.2;330;9463827165;S
20240125;100109;1620.2;3;9463827166;S
20240125;100109;1620.2;3;9463827167;S
20240125;100109;1620.2;185;9463827168;S
20240125;100109;1620;19;9463827169;S
20240125;100109;1620;93;9463827170;S
20240125;100110;1620.2;20;9463827211;S
20240125;100110;1621.4;7;9463827327;B
20240125;100110;1621.4;1;9463827328;B
20240125;100110;1621.6;10;9463827329;B
20240125;100110;1621.6;2;9463827330;B
20240125;100110;1621.6;2;9463827331;B
20240125;100110;1621.8;21;9463827332;B
20240125;100112;1620.8;2;9463827618;S
20240125;100112;1620.6;5;9463827619;S
20240125;100112;1620.4;1;9463827620;S
20240125;100112;1620.2;85;9463827621;S
20240125;100112;1620;2;9463827622;S
20240125;100113;1620;5;9463827828;S
20240125;100113;1620;3;9463827829;S
20240125;100113;1620;3;9463827830;S
20240125;100113;1620;150;9463827831;S
20240125;100113;1620;10;9463827832;S
20240125;100113;1620;5;9463827833;S
20240125;100113;1620;5;9463827834;S
20240125;100113;1619.8;40;9463827835;S
20240125;100113;1619.8;65;9463827836;S
20240125;100113;1619.8;63;9463827837;S
20240125;100113;1619.8;3;9463827838;S
20240125;100113;1619.8;30;9463827839;S
20240125;100113;1619.6;13;9463827840;S
20240125;100113;1619.6;23;9463827841;S
20240125;100113;1619.4;148;9463827842;S
20240125;100115;1621;10;9463828289;B
20240125;100115;1621;26;9463828290;B
20240125;100116;1621;3;9463828330;B
20240125;100116;1620.6;10;9463828364;B
20240125;100116;1620.6;3;9463828450;B
20240125;100117;1619.4;5;9463828487;S
20240125;100117;1619.4;45;9463828488;S
20240125;100117;1620.4;2;9463828502;B
20240125;100117;1620.6;49;9463828503;B
20240125;100117;1620.6;9;9463828504;B
20240125;100117;1620.6;10;9463828505;B
20240125;100117;1620.6;3;9463828506;B
20240125;100117;1620.6;6;9463828576;B
20240125;100117;1620.6;3;9463828590;B
20240125;100117;1619.4;17;9463828617;S
20240125;100117;1619.2;17;9463828618;S
20240125;100117;1619.2;51;9463828619;S
20240125;100117;1619;99;9463828620;S
20240125;100117;1619;1;9463828621;S
20240125;100117;1619;3;9463828622;S
20240125;100117;1619;3;9463828623;S
20240125;100117;1619;3;9463828624;S
20240125;100117;1618.8;7;9463828625;S
20240125;100117;1618.8;40;9463828626;S
20240125;100117;1618.6;2;9463828627;S
20240125;100117;1618.4;185;9463828628;S
20240125;100117;1618;3;9463828629;S
20240125;100117;1618;3;9463828630;S
20240125;100117;1617.6;3;9463828631;S
20240125;100117;1617.6;163;9463828632;S
20240125;100117;1618;28;9463828677;B
20240125;100117;1620.2;2;9463828702;B
20240125;100117;1620.4;1;9463828703;B
20240125;100118;1618.4;20;9463828816;S
20240125;100118;1620.4;3;9463829062;B
20240125;100118;1620.4;3;9463829063;B
20240125;100118;1620.4;3;9463829066;B
20240125;100118;1620.4;10;9463829067;B
20240125;100119;1618.6;1;9463829420;S
20240125;100122;1618.6;134;9463830450;B
20240125;100122;1618.4;2;9463830734;S
20240125;100123;1618.6;5;9463831374;B
20240125;100126;1618.8;3;9463834817;B
20240125;100126;1618.8;1;9463834818;B
20240125;100126;1619;16;9463834819;B
20240125;100126;1618.4;2;9463835236;S
20240125;100126;1618.4;5;9463835238;S
20240125;100128;1618.8;3;9463836378;B
20240125;100128;1618.4;100;9463836421;S
20240125;100128;1618.8;3;9463836781;B
20240125;100129;1618.4;78;9463837078;S
20240125;100129;1618.8;3;9463837090;B
20240125;100130;1618.4;413;9463837596;S
20240125;100130;1618.4;20;9463837597;S
20240125;100130;1618;1;9463837598;S
20240125;100130;1618;117;9463837601;B
20240125;100130;1618;9;9463837676;B
20240125;100131;1618;5;9463837842;B
20240125;100132;1618;3;9463838153;B
20240125;100133;1617.8;1;9463838215;S
20240125;100133;1617.2;2;9463838216;S
20240125;100133;1617;1;9463838217;S
20240125;100133;1617;3;9463838218;S
20240125;100133;1617;1;9463838219;S
20240125;100133;1617;42;9463838220;S
20240125;100133;1617.2;3;9463838379;B
20240125;100134;1617;8;9463838541;S
20240125;100134;1616.4;32;9463838542;S
20240125;100135;1617.6;3;9463838723;B
20240125;100135;1617.2;3;9463838812;B
20240125;100136;1617.2;3;9463839113;B
20240125;100137;1617.2;1;9463839229;S
20240125;100137;1617.4;62;9463839238;B
20240125;100137;1617.4;38;9463839239;B
20240125;100138;1617.4;3;9463839363;B
20240125;100138;1617.4;3;9463839417;B
20240125;100139;1617.2;2;9463839455;S
20240125;100140;1617;3;9463839618;B
20240125;100140;1616.8;5;9463839675;S
20240125;100140;1616.4;4;9463839676;S
20240125;100140;1617;3;9463839708;B
20240125;100142;1616.6;93;9463840030;S
20240125;100142;1616.4;14;9463840031;S
20240125;100142;1616.4;3;9463840032;S
20240125;100142;1616.4;3;9463840033;S
20240125;100142;1616.4;62;9463840034;S
20240125;100142;1616;3;9463840035;S
20240125;100142;1616;100;9463840036;S
20240125;100142;1616;299;9463840038;S
20240125;100142;1616;10;9463840039;S
20240125;100142;1615.6;200;9463840040;S
20240125;100142;1615.4;291;9463840041;S
20240125;100142;1615.2;8;9463840139;S
20240125;100142;1615.2;5;9463840140;S
20240125;100142;1615.4;1;9463840193;S
20240125;100142;1616.2;3;9463840201;B
20240125;100142;1616.2;1;9463840234;B
20240125;100143;1616.2;3;9463840296;B
20240125;100143;1616.2;3;9463840351;B
20240125;100144;1616.4;3;9463840526;B
20240125;100144;1616.4;1;9463840658;B
20240125;100145;1616.4;3;9463840781;B
20240125;100145;1616.4;3;9463840851;B
20240125;100146;1615.6;2;9463840927;S
20240125;100146;1616.4;3;9463841033;B
20240125;100147;1616.4;3;9463841073;B
20240125;100147;1616;3;9463841157;B
20240125;100147;1616;3;9463841172;B
20240125;100148;1616;3;9463841235;B
20240125;100148;1615.8;3;9463841410;B
20240125;100148;1615.6;5;9463841434;S
20240125;100148;1615.4;2;9463841466;S
20240125;100149;1615.8;5;9463841569;B
20240125;100149;1615.4;59;9463841686;S
20240125;100150;1615.2;13;9463841770;S
20240125;100150;1615.2;200;9463841771;S
20240125;100150;1615.2;200;9463841772;S
20240125;100150;1615;8;9463841773;S
20240125;100150;1615;1;9463841774;S
20240125;100150;1615;40;9463841775;S
20240125;100150;1615;30;9463841776;S
20240125;100150;1615;30;9463841777;S
20240125;100150;1615;5;9463841778;S
20240125;100150;1615;5;9463841779;S
20240125;100150;1615;50;9463841780;S
20240125;100150;1614.8;25;9463841781;S
20240125;100150;1614.4;1;9463841782;S
20240125;100150;1614.2;12;9463841783;S
20240125;100150;1614.2;3;9463841784;S
20240125;100150;1614.2;1;9463841785;S
20240125;100150;1614.2;5;9463841786;S
20240125;100150;1614.2;10;9463841787;S
20240125;100150;1614;4;9463841788;S
20240125;100150;1614;5;9463841789;S
20240125;100150;1614;18;9463841790;S
20240125;100150;1614;6;9463841791;S
20240125;100150;1614;1;9463841792;S
20240125;100150;1614;1;9463841793;S
20240125;100150;1614;5;9463841794;S
20240125;100150;1614;1;9463841795;S
20240125;100150;1614;25;9463841796;S
20240125;100150;1614;1;9463841797;S
20240125;100150;1614;1;9463841798;S
20240125;100150;1614;1;9463841799;S
20240125;100150;1614;20;9463841800;S
20240125;100150;1614;20;9463841801;S
20240125;100150;1614;5;9463841802;S
20240125;100150;1614;10;9463841803;S
20240125;100150;1614;1;9463841804;S
20240125;100150;1614;5;9463841805;S
20240125;100150;1614;10;9463841806;S
20240125;100150;1614;14;9463841807;S
20240125;100150;1614;207;9463841808;S
20240125;100150;1614.2;101;9463841831;S
20240125;100150;1615.4;2;9463841847;B
20240125;100150;1615.4;3;9463841849;B
20240125;100150;1615.4;12;9463841850;B
20240125;100150;1614.2;20;9463841866;S
20240125;100150;1614.8;2;9463841940;B
20240125;100153;1614.8;1;9463842613;B
20240125;100155;1614.4;1;9463843164;S
20240125;100155;1613.8;4;9463843165;S
20240125;100157;1614.8;1;9463844141;B
20240125;100157;1615;8;9463844142;B
20240125;100157;1614.6;19;9463844192;S
20240125;100158;1614;2;9463844420;S
20240125;100159;1615;5;9463844796;B
20240125;100200;1614.8;8;9463845030;S
20240125;100200;1615;7;9463845049;B
20240125;100200;1615;33;9463845050;B
20240125;100200;1614.8;5;9463845139;S
20240125;100201;1615;4;9463845202;B
20240125;100201;1615;357;9463845276;B
20240125;100201;1615;1;9463845277;B
20240125;100201;1615.4;185;9463845278;B
20240125;100201;1615.6;100;9463845279;B
20240125;100201;1615.6;2;9463845328;S
20240125;100201;1615.6;213;9463845380;S
20240125;100202;1615.8;29;9463845443;B
20240125;100202;1615.8;14;9463845471;B
20240125;100202;1615.8;23;9463845614;B
20240125;100203;1615.8;1;9463845997;B
20240125;100203;1615.8;4;9463846037;B
20240125;100203;1615.6;12;9463846067;S
20240125;100205;1615.8;15;9463846614;B
20240125;100205;1615.8;5;9463846643;B
20240125;100205;1615.6;300;9463846699;S
20240125;100206;1615.8;1;9463847031;B
20240125;100206;1615.6;50;9463847161;S
20240125;100206;1615.6;28;9463847162;S
20240125;100206;1615.4;100;9463847197;S
20240125;100208;1614.2;23;9463847839;S
20240125;100208;1614;7;9463847840;S
20240125;100210;1615;1;9463848168;B
20240125;100210;1614;5;9463848215;S
20240125;100210;1614;20;9463848216;S
20240125;100210;1614;1;9463848217;S
20240125;100211;1614;20;9463848418;B
20240125;100211;1614;4;9463848453;B
20240125;100211;1614;60;9463848454;B
20240125;100211;1614.2;36;9463848455;B
20240125;100213;1613.8;6;9463848781;S
20240125;100214;1614.4;9;9463849041;S
20240125;100214;1613.8;1;9463849042;S
20240125;100214;1613.8;50;9463849043;S
20240125;100214;1613.8;17;9463849044;S
20240125;100214;1613.4;23;9463849045;S
20240125;100214;1613.4;10;9463849046;S
20240125;100214;1613.2;4;9463849047;S
20240125;100214;1613.2;16;9463849048;S
20240125;100214;1613.2;9;9463849049;S
20240125;100214;1613.2;9;9463849050;S
20240125;100214;1613.2;3;9463849081;S
20240125;100214;1613.4;1;9463849083;S
20240125;100215;1613.4;6;9463849289;S
20240125;100215;1613.2;48;9463849290;S
20240125;100215;1613.2;26;9463849291;S
20240125;100218;1614;6;9463850791;B
20240125;100218;1614;10;9463850864;B
20240125;100219;1613.6;20;9463850978;B
20240125;100219;1613.6;23;9463851013;B
20240125;100219;1613.4;62;9463851070;B
20240125;100219;1613.4;60;9463851071;B
20240125;100219;1613.6;43;9463851072;B
20240125;100220;1613.4;1;9463851339;S
20240125;100220;1613;99;9463851340;S
20240125;100220;1613;8;9463851457;S
20240125;100220;1613;5;9463851458;S
20240125;100220;1613.4;5;9463851540;B
20240125;100220;1613.4;18;9463851578;B
20240125;100220;1613.4;14;9463851613;B
20240125;100220;1613.4;31;9463851651;B
20240125;100220;1613.6;46;9463851673;B
20240125;100223;1613.6;9;9463852395;S
20240125;100223;1613.4;41;9463852396;S
20240125;100225;1613.6;4;9463852834;S
20240125;100226;1613.8;190;9463853020;B
20240125;100227;1613.6;58;9463853175;S
20240125;100227;1613.4;128;9463853176;S
20240125;100227;1613.2;185;9463853177;S
20240125;100227;1613;188;9463853178;S
20240125;100227;1613;15;9463853179;S
20240125;100227;1613;43;9463853180;S
20240125;100227;1613.8;10;9463853191;B
20240125;100228;1613.4;5;9463853361;S
20240125;100228;1613.2;15;9463853362;S
20240125;100229;1613;20;9463853434;S
20240125;100230;1613;122;9463853593;S
20240125;100230;1613;1;9463853594;S
20240125;100230;1613;1;9463853595;S
20240125;100230;1613;50;9463853596;S
20240125;100230;1612.8;26;9463853597;S
20240125;100230;1612.8;3;9463853598;S
20240125;100230;1612.8;3;9463853599;S
20240125;100230;1612.8;3;9463853600;S
20240125;100230;1612.8;3;9463853601;S
20240125;100230;1612.8;3;9463853602;S
20240125;100230;1612.8;3;9463853603;S
20240125;100230;1612.8;3;9463853604;S
20240125;100230;1612.8;3;9463853605;S
20240125;100230;1612.8;3;9463853606;S
20240125;100230;1612.8;3;9463853607;S
20240125;100230;1612.8;3;9463853608;S
20240125;100230;1612.8;3;9463853609;S
20240125;100230;1612.8;3;9463853610;S
20240125;100230;1612.8;3;9463853611;S
20240125;100230;1612.8;3;9463853612;S
20240125;100230;1612.6;17;9463853613;S
20240125;100230;1612.4;60;9463853614;S
20240125;100230;1612.2;1;9463853615;S
20240125;100230;1612.2;3;9463853616;S
20240125;100230;1612.2;3;9463853617;S
20240125;100230;1612.2;3;9463853618;S
20240125;100230;1612.2;3;9463853619;S
20240125;100230;1612.2;3;9463853620;S
20240125;100230;1612.2;3;9463853621;S
20240125;100230;1612.2;3;9463853622;S
20240125;100230;1612.2;50;9463853623;S
20240125;100230;1612.2;62;9463853624;S
20240125;100230;1612;1000;9463853625;S
20240125;100230;1612;1;9463853626;S
20240125;100230;1612;2;9463853627;S
20240125;100230;1612;1;9463853628;S
20240125;100230;1612;11;9463853629;S
20240125;100230;1612;3;9463853630;S
20240125;100230;1612;100;9463853631;S
20240125;100230;1612;185;9463853632;S
20240125;100230;1611.6;100;9463853633;S
20240125;100230;1611.6;23;9463853634;S
20240125;100230;1611.4;1;9463853635;S
20240125;100230;1611.4;1;9463853636;S
20240125;100230;1611.4;5;9463853637;S
20240125;100230;1611.4;600;9463853638;S
20240125;100230;1611.4;30;9463853639;S
20240125;100230;1611.2;200;9463853640;S
20240125;100230;1611.2;62;9463853641;S
20240125;100230;1611;1;9463853642;S
20240125;100230;1611;300;9463853643;S
20240125;100230;1611;65;9463853644;S
20240125;100230;1611;500;9463853645;S
20240125;100230;1611;99;9463853646;S
20240125;100230;1611;11;9463853647;S
20240125;100230;1611;30;9463853648;S
20240125;100230;1611;493;9463853649;S
20240125;100230;1611;429;9463853650;S
20240125;100230;1611;50;9463853651;S
20240125;100230;1610.8;100;9463853652;S
20240125;100230;1610.6;4;9463853653;S
20240125;100230;1610.2;5;9463853654;S
20240125;100230;1610.2;11;9463853655;S
20240125;100230;1610.2;1;9463853656;S
20240125;100230;1610.2;1;9463853657;S
20240125;100230;1610.2;440;9463853658;S
20240125;100230;1610;2;9463853659;S
20240125;100230;1610;50;9463853660;S
20240125;100230;1610;1;9463853661;S
20240125;100230;1610;100;9463853662;S
20240125;100230;1610;9;9463853663;S
20240125;100230;1610;65;9463853664;S
20240125;100230;1610;21;9463853665;S
20240125;100230;1610;1;9463853666;S
20240125;100230;1610;8;9463853667;S
20240125;100230;1610;6;9463853668;S
20240125;100230;1610;20;9463853669;S
20240125;100230;1610;5;9463853670;S
20240125;100230;1610;5;9463853671;S
20240125;100230;1610;10;9463853672;S
20240125;100230;1610;5;9463853673;S
20240125;100230;1610;3;9463853674;S
20240125;100230;1610;3;9463853675;S
20240125;100230;1610;600;9463853676;S
20240125;100230;1610;600;9463853677;S
20240125;100230;1610;600;9463853678;S
20240125;100230;1610;50;9463853679;S
20240125;100230;1609.2;2;9463853680;S
20240125;100230;1609.2;100;9463853681;S
20240125;100230;1609.2;1;9463853682;S
20240125;100230;1609;1;9463853683;S
20240125;100230;1609;1;9463853684;S
20240125;100230;1609;1;9463853685;S
20240125;100230;1609;300;9463853686;S
20240125;100230;1609;100;9463853687;S
20240125;100230;1609;9;9463853688;S
20240125;100230;1609;399;9463853689;S
20240125;100230;1609;30;9463853690;S
20240125;100230;1608.6;100;9463853691;S
20240125;100230;1608.4;4;9463853692;S
20240125;100230;1608.4;400;9463853693;S
20240125;100230;1608.2;1;9463853694;S
20240125;100230;1608.2;4;9463853695;S
20240125;100230;1608;1;9463853696;S
20240125;100230;1608;1;9463853697;S
20240125;100230;1608;8;9463853698;S
20240125;100230;1608;1;9463853699;S
20240125;100230;1608;20;9463853700;S
20240125;100230;1608;1600;9463853701;S
20240125;100230;1608;1431;9463853702;S
20240125;100230;1609;122;9463853705;B
20240125;100230;1609;28;9463853706;B
20240125;100230;1609.8;20;9463853712;B
20240125;100230;1609.8;15;9463853738;S
20240125;100230;1609.8;65;9463853741;S
20240125;100230;1609.8;11;9463853742;S
20240125;100230;1609.6;72;9463853743;S
20240125;100230;1609.4;200;9463853744;S
20240125;100230;1609;185;9463853745;S
20240125;100230;1608.4;50;9463853746;B
20240125;100230;1608.2;50;9463853747;S
20240125;100230;1608.2;50;9463853748;S
20240125;100230;1608.2;1;9463853750;S
20240125;100230;1608.4;66;9463853784;B
20240125;100230;1608.4;257;9463853787;B
20240125;100230;1608.6;62;9463853790;S
20240125;100230;1608.4;143;9463853791;S
20240125;100230;1608.2;186;9463853792;S
20240125;100230;1608.2;62;9463853793;S
20240125;100230;1608;147;9463853794;S
20240125;100230;1609.6;23;9463853842;B
20240125;100230;1609.8;2;9463853843;B
20240125;100230;1609.8;60;9463853844;B
20240125;100230;1610;30;9463853845;B
20240125;100230;1610;3;9463853846;B
20240125;100230;1610;60;9463853847;B
20240125;100230;1610.4;186;9463853848;B
20240125;100230;1610.6;30;9463853849;B
20240125;100230;1611.2;224;9463853850;B
20240125;100230;1611.2;182;9463853851;B
20240125;100230;1610.6;5;9463853852;B
20240125;100230;1610.6;2;9463853862;B
20240125;100230;1610;1;9463853863;S
20240125;100230;1609;1;9463853864;S
20240125;100230;1609;22;9463853865;S
20240125;100230;1608.8;182;9463853866;S
20240125;100230;1608.6;62;9463853867;S
20240125;100230;1608.6;186;9463853868;S
20240125;100230;1608.6;224;9463853869;S
20240125;100230;1608.4;58;9463853870;S
20240125;100230;1608.4;300;9463853871;S
20240125;100230;1608.4;42;9463853873;S
20240125;100230;1608.2;30;9463853874;S
20240125;100230;1608;18;9463853875;S
20240125;100230;1608.2;3;9463853876;S
20240125;100230;1609.2;5;9463853884;S
20240125;100230;1609;2;9463853885;S
20240125;100230;1609;5;9463853886;S
20240125;100230;1609;10;9463853903;S
20240125;100230;1609;8;9463853904;S
20240125;100230;1610.2;23;9463853912;B
20240125;100230;1610.2;25;9463853917;S
20240125;100230;1610.6;62;9463853922;B
20240125;100230;1610.8;88;9463853923;B
20240125;100230;1610.2;2;9463853924;S
20240125;100230;1609.4;5;9463853930;S
20240125;100231;1610.6;6;9463854011;B
20240125;100231;1610.2;5;9463854013;S
20240125;100231;1610.2;2;9463854040;S
20240125;100231;1610;1;9463854041;S
20240125;100231;1610;5;9463854042;S
20240125;100231;1609.8;62;9463854043;S
20240125;100231;1609.6;85;9463854044;S
20240125;100231;1609.4;25;9463854045;S
20240125;100231;1610;20;9463854055;B
20240125;100231;1609.6;12;9463854105;S
20240125;100231;1609.2;8;9463854106;S
20240125;100231;1609.2;100;9463854131;S
20240125;100232;1610;2;9463854194;B
20240125;100232;1609;8;9463854230;S
20240125;100232;1609;92;9463854231;S
20240125;100232;1610;12;9463854265;B
20240125;100232;1610;100;9463854359;B
20240125;100233;1610;24;9463854474;B
20240125;100233;1610;60;9463854475;B
20240125;100233;1610.2;23;9463854476;B
20240125;100233;1610.2;60;9463854477;B
20240125;100233;1610.6;30;9463854478;B
20240125;100233;1610.6;6;9463854479;B
20240125;100233;1610.4;1;9463854662;S
20240125;100233;1609.8;83;9463854663;S
20240125;100233;1609.6;1;9463854664;S
20240125;100233;1609.6;29;9463854665;S
20240125;100233;1609.6;1;9463854674;S
20240125;100233;1610.6;1;9463854699;B
20240125;100234;1610.2;12;9463854869;S
20240125;100235;1610.2;8;9463855115;S
20240125;100235;1610;42;9463855116;S
20240125;100235;1610.4;1;9463855136;B
20240125;100235;1610.4;3;9463855137;B
20240125;100236;1610;30;9463855316;S
20240125;100237;1610.2;1;9463855699;B
20240125;100237;1610.2;50;9463855735;B
20240125;100237;1610.2;9;9463855794;B
20240125;100237;1610.2;1;9463855795;B
20240125;100238;1610;32;9463855857;S
20240125;100238;1610;28;9463855858;S
20240125;100238;1610;10;9463855865;S
20240125;100238;1610.2;20;9463856039;S
20240125;100238;1610;62;9463856040;S
20240125;100238;1610;26;9463856041;S
20240125;100239;1610;6;9463856208;S
20240125;100242;1610.2;5;9463856974;S
20240125;100242;1610;10;9463856975;S
20240125;100242;1610;10;9463856977;B
20240125;100243;1610;5;9463857259;B
20240125;100243;1609.8;1;9463857357;S
20240125;100243;1609.8;1;9463857409;S
20240125;100243;1609.8;8;9463857442;S
20240125;100243;1609.8;3;9463857446;S
20240125;100243;1610;70;9463857532;B
20240125;100243;1610;30;9463857533;B
20240125;100245;1609.8;30;9463857932;S
20240125;100245;1610;1;9463857941;B
20240125;100246;1610;5;9463858042;B
20240125;100247;1609.8;19;9463858216;S
20240125;100248;1610;3;9463858418;B
20240125;100248;1610;5;9463858419;B
20240125;100248;1610;5;9463858420;B
20240125;100248;1610;5;9463858421;B
20240125;100248;1609.8;7;9463858458;S
20240125;100248;1610;1;9463858485;S
20240125;100248;1609.8;131;9463858513;S
20240125;100248;1609.8;64;9463858514;S
20240125;100248;1609.8;5;9463858515;S
20240125;100248;1610;1;9463858521;B
20240125;100248;1609.8;5;9463858523;S
20240125;100248;1609.8;20;9463858524;S
20240125;100248;1609.8;35;9463858527;S
20240125;100248;1609.8;150;9463858539;S
20240125;100248;1609.8;61;9463858575;S
20240125;100249;1609.8;9;9463858646;S
20240125;100249;1610;1;9463858719;B
20240125;100249;1610;50;9463858730;B
20240125;100249;1609.8;63;9463858743;S
20240125;100250;1609.8;21;9463858807;S
20240125;100251;1609.8;20;9463859000;S
20240125;100251;1610;2;9463859051;B
20240125;100251;1610;26;9463859093;B
20240125;100251;1610;2;9463859174;B
20240125;100252;1609.8;121;9463859241;S
20240125;100252;1609.4;23;9463859242;S
20240125;100252;1609.4;1;9463859243;S
20240125;100252;1609.2;1;9463859244;S
20240125;100252;1609.2;1;9463859245;S
20240125;100252;1609;8;9463859246;S
20240125;100252;1609;1;9463859247;S
20240125;100252;1609;5;9463859248;S
20240125;100252;1608.6;10;9463859249;S
20240125;100252;1608.6;100;9463859250;S
20240125;100252;1608.6;2;9463859251;S
20240125;100252;1608.4;100;9463859252;S
20240125;100252;1608.2;62;9463859253;S
20240125;100252;1608.2;186;9463859254;S
20240125;100252;1608;4;9463859255;S
20240125;100252;1608;200;9463859256;S
20240125;100252;1608;5;9463859257;S
20240125;100252;1608;1;9463859258;S
20240125;100252;1608;8;9463859259;S
20240125;100252;1608;50;9463859260;S
20240125;100252;1608;111;9463859261;S
20240125;100252;1608.6;3;9463859279;S
20240125;100252;1609;47;9463859312;B
20240125;100252;1608.4;37;9463859325;S
20240125;100252;1608;30;9463859346;S
20240125;100253;1608.2;1;9463859406;S
20240125;100254;1608.4;3;9463859552;B
20240125;100254;1608.2;39;9463859565;S
20240125;100254;1608.2;62;9463859566;S
20240125;100254;1608.2;60;9463859567;S
20240125;100254;1608;59;9463859568;S
20240125;100254;1608;5;9463859569;S
20240125;100254;1608;375;9463859570;S
20240125;100254;1608;200;9463859571;S
20240125;100254;1608.4;1;9463859608;B
20240125;100254;1608.2;1;9463859708;S
20240125;100254;1608;25;9463859709;S
20240125;100254;1608;44;9463859710;S
20240125;100255;1608.4;1;9463859838;B
20240125;100256;1608.2;1;9463860107;S
20240125;100256;1608;9;9463860108;S
20240125;100258;1608.2;45;9463860555;S
20240125;100258;1608.2;29;9463860618;S
20240125;100259;1608.2;20;9463860801;S
20240125;100259;1608.4;1;9463860819;B
20240125;100259;1608.4;2;9463860864;B
20240125;100259;1608.4;1;9463860911;B
20240125;100300;1608.2;1;9463861006;S
20240125;100300;1608.2;4;9463861042;S
20240125;100300;1608.4;4;9463861080;B
20240125;100300;1608.4;1;9463861081;B
20240125;100300;1608.2;1;9463861125;S
20240125;100300;1608.2;5;9463861126;S
20240125;100300;1608.2;38;9463861127;S
20240125;100300;1608.2;1;9463861194;S
20240125;100301;1608.6;1;9463861245;B
20240125;100303;1608.4;5;9463861542;S
20240125;100303;1608.2;61;9463861543;S
20240125;100303;1608.2;90;9463861544;S
20240125;100303;1608;10;9463861545;S
20240125;100303;1608;500;9463861546;S
20240125;100303;1608;1;9463861547;S
20240125;100303;1607.8;169;9463861548;S
20240125;100303;1607.6;3;9463861549;S
20240125;100303;1607.4;100;9463861550;S
20240125;100303;1607.4;30;9463861551;S
20240125;100303;1607.2;62;9463861552;S
20240125;100303;1607.2;3;9463861553;S
20240125;100303;1607.2;1;9463861621;S
20240125;100303;1608.4;23;9463861647;B
20240125;100303;1608.4;60;9463861648;B
20240125;100303;1608.4;60;9463861649;B
20240125;100303;1608.6;1;9463861650;B
20240125;100303;1608.8;224;9463861651;B
20240125;100303;1609;244;9463861652;B
20240125;100303;1609;1;9463861717;S
20240125;100303;1609;50;9463861734;S
20240125;100304;1609;25;9463861784;S
20240125;100304;1609;9;9463861874;S
20240125;100305;1609;40;9463862088;S
20240125;100306;1609.2;20;9463862296;S
20240125;100307;1609.2;42;9463862405;S
20240125;100307;1609;512;9463862406;S
20240125;100307;1608.6;66;9463862407;S
20240125;100307;1608.4;100;9463862408;S
20240125;100307;1608.4;81;9463862409;S
20240125;100307;1609;1;9463862453;S
20240125;100307;1608.4;29;9463862454;S
20240125;100307;1608.4;20;9463862455;S
20240125;100307;1609.4;20;9463862460;B
20240125;100307;1609.4;60;9463862461;B
20240125;100307;1609.4;9;9463862462;B
20240125;100307;1609.4;60;9463862463;B
20240125;100307;1609.6;2;9463862464;B
20240125;100307;1609.6;62;9463862465;B
20240125;100307;1609.8;50;9463862466;B
20240125;100307;1609.8;10;9463862467;B
20240125;100307;1609.8;186;9463862468;B
20240125;100307;1610;67;9463862469;B
20240125;100307;1610;1;9463862470;B
20240125;100307;1610;23;9463862471;B
20240125;100308;1608.8;1;9463862806;S
20240125;100308;1608.6;23;9463862807;S
20240125;100308;1608.4;76;9463862808;S
20240125;100311;1608.4;50;9463863614;S
20240125;100311;1609.4;1;9463863664;B
20240125;100314;1609.4;30;9463864245;B
20240125;100314;1608.4;78;9463864353;S
20240125;100314;1608.4;22;9463864354;S
20240125;100315;1608.4;30;9463864504;S
20240125;100316;1608.4;170;9463864754;S
20240125;100316;1608.2;30;9463864755;S
20240125;100316;1608;1;9463864797;S
20240125;100316;1608;19;9463864798;S
20240125;100317;1608.8;35;9463864844;B
20240125;100317;1609;2;9463864910;B
20240125;100318;1608.8;2;9463864996;B
20240125;100318;1608.8;2;9463865029;B
20240125;100318;1608.8;2;9463865067;B
20240125;100318;1608.8;2;9463865154;B
20240125;100320;1608.8;9;9463865524;B
20240125;100322;1608.4;2;9463865800;S
20240125;100323;1608.4;10;9463865947;S
20240125;100323;1608.4;86;9463865971;S
20240125;100323;1608.2;1;9463865972;S
20240125;100323;1608;81;9463865973;S
20240125;100323;1608;500;9463865974;S
20240125;100323;1608;1;9463865975;S
20240125;100323;1608;1;9463865976;S
20240125;100323;1608;66;9463865977;S
20240125;100323;1607.8;10;9463865978;S
20240125;100323;1607.6;1;9463865979;S
20240125;100323;1607.6;23;9463865980;S
20240125;100323;1607.6;60;9463865981;S
20240125;100323;1607.2;1;9463865982;S
20240125;100323;1607.2;27;9463865983;S
20240125;100323;1607.2;62;9463865984;S
20240125;100323;1607.2;19;9463865985;S
20240125;100324;1608.2;100;9463866209;B
20240125;100324;1608.4;23;9463866210;B
20240125;100324;1608.4;60;9463866211;B
20240125;100324;1608.6;60;9463866212;B
20240125;100324;1609;224;9463866213;B
20240125;100324;1609.2;163;9463866214;B
20240125;100328;1609;17;9463866873;B
20240125;100329;1609;4;9463866974;B
20240125;100329;1609.2;1;9463866975;B
20240125;100329;1609.2;60;9463866976;B
20240125;100329;1609.4;1;9463866977;B
20240125;100329;1609.4;60;9463866978;B
20240125;100329;1609.6;16;9463866979;B
20240125;100329;1609.6;1;9463866980;B
20240125;100329;1609.6;135;9463866981;B
20240125;100330;1609;2;9463867128;S
20240125;100332;1609.2;1;9463867421;S
20240125;100332;1609.2;1;9463867422;S
20240125;100333;1609.4;1;9463867587;S
20240125;100333;1609.2;61;9463867588;S
20240125;100333;1609.2;67;9463867589;S
20240125;100333;1609;71;9463867590;S
20240125;100333;1609.6;1;9463867638;B
20240125;100334;1609;150;9463867703;S
20240125;100335;1609.6;185;9463867959;B
20240125;100335;1609.8;1;9463867960;B
20240125;100335;1609.8;60;9463867961;B
20240125;100335;1609.8;60;9463867962;B
20240125;100335;1610;247;9463867963;B
20240125;100335;1610;418;9463867964;B
20240125;100335;1610;10;9463867965;B
20240125;100335;1610;6;9463867966;B
20240125;100335;1610;20;9463867967;B
20240125;100335;1610;200;9463867968;B
20240125;100335;1610.2;1;9463867969;B
20240125;100335;1610.2;30;9463867970;B
20240125;100335;1610.4;3;9463867971;B
20240125;100335;1610.6;500;9463867972;B
20240125;100335;1610.6;30;9463867973;B
20240125;100335;1611.6;62;9463867974;B
20240125;100335;1611.6;62;9463867975;B
20240125;100335;1611.8;599;9463867976;B
20240125;100335;1612;400;9463867977;B
20240125;100335;1612.2;20;9463867978;B
20240125;100335;1612.2;600;9463867979;B
20240125;100335;1612.2;486;9463867980;B
20240125;100337;1611.6;62;9463868174;S
20240125;100337;1611.6;38;9463868175;S
20240125;100339;1611.6;1;9463868599;S
20240125;100339;1611.6;1;9463868643;S
20240125;100340;1611.6;7;9463868790;S
20240125;100340;1611.8;10;9463868821;B
20240125;100340;1612;30;9463868843;B
20240125;100343;1612;5;9463869187;B
20240125;100343;1612;1;9463869324;B
20240125;100343;1611.8;71;9463869325;S
20240125;100343;1611.6;12;9463869326;S
20240125;100343;1611.6;62;9463869327;S
20240125;100343;1611.4;1;9463869328;S
20240125;100343;1611.4;5;9463869329;S
20240125;100343;1611.4;600;9463869330;S
20240125;100343;1611.2;23;9463869331;S
20240125;100343;1611.2;60;9463869332;S
20240125;100343;1611.2;60;9463869333;S
20240125;100343;1610.4;106;9463869334;S
20240125;100349;1611.8;8;9463870219;S
20240125;100349;1611;7;9463870220;S
20240125;100350;1612;2;9463870409;B
20240125;100351;1611.6;1;9463870640;S
20240125;100351;1611.4;15;9463870641;S
20240125;100352;1612;12;9463871026;B
20240125;100352;1612;1;9463871027;B
20240125;100352;1612;22;9463871028;B
20240125;100354;1612;1;9463871228;B
20240125;100354;1612;35;9463871229;B
20240125;100356;1611.8;18;9463871609;S
20240125;100356;1611.4;3;9463871610;S
20240125;100356;1611.4;10;9463871611;S
20240125;100356;1611.2;34;9463871612;S
20240125;100358;1612;1;9463871793;B
20240125;100400;1612;10;9463872145;B
20240125;100400;1611.8;2;9463872237;S
20240125;100400;1612;24;9463872255;B
20240125;100401;1612;25;9463872332;B
20240125;100401;1611.8;2;9463872399;S
20240125;100401;1611;23;9463872400;S
20240125;100401;1611;60;9463872401;S
20240125;100401;1610.6;62;9463872402;S
20240125;100401;1610.4;12;9463872403;S
20240125;100404;1612;60;9463872723;B
20240125;100404;1612;1;9463872724;B
20240125;100404;1612;9;9463872725;B
20240125;100406;1611.4;73;9463873090;S
20240125;100406;1611.2;27;9463873091;S
20240125;100408;1610.8;20;9463873398;S
20240125;100411;1611.8;1;9463873993;B
20240125;100417;1611.4;1;9463875285;B
20240125;100418;1611.4;9;9463875562;B
20240125;100418;1611.6;186;9463875563;B
20240125;100418;1611.6;55;9463875564;B
20240125;100418;1611;1;9463875641;S
20240125;100419;1611.8;22;9463875714;B
20240125;100419;1611.8;1;9463875715;B
20240125;100419;1611.8;60;9463875716;B
20240125;100419;1612;5;9463875717;B
20240125;100419;1612;1;9463875718;B
20240125;100419;1612;11;9463875719;B
20240125;100426;1611.6;1;9463877097;B
20240125;100426;1611.8;1;9463877098;B
20240125;100426;1612;174;9463877099;B
20240125;100426;1612;1;9463877100;B
20240125;100426;1612;4;9463877101;B
20240125;100426;1612;2;9463877102;B
20240125;100426;1612.2;47;9463877103;B
20240125;100427;1611.2;1;9463877158;S
20240125;100427;1611.2;14;9463877159;S
20240125;100429;1611.2;3;9463877474;S
20240125;100429;1611;3;9463877566;S
20240125;100429;1612;3;9463877589;B
20240125;100430;1611.2;3;9463877642;S
20240125;100430;1611.2;3;9463877753;S
20240125;100431;1611.2;3;9463877812;S
20240125;100431;1612;1;9463877816;B
20240125;100431;1611;3;9463877880;S
20240125;100436;1611.2;3;9463878587;S
20240125;100438;1611.4;8;9463879075;S
20240125;100438;1611.2;2;9463879076;S
20240125;100438;1611;5;9463879077;S
20240125;100438;1611;35;9463879078;S
20240125;100446;1611.4;5;9463881104;B
20240125;100448;1611.4;1;9463881461;B
20240125;100449;1611.4;2;9463881685;S
20240125;100450;1611.4;2;9463881833;S
20240125;100451;1611.6;1;9463881973;B
20240125;100453;1611.6;5;9463882452;B
20240125;100454;1611.4;5;9463882512;S
20240125;100454;1611.4;22;9463882513;S
20240125;100456;1611.2;32;9463882964;B
20240125;100502;1611.2;92;9463884059;B
20240125;100503;1611.2;2;9463884259;B
20240125;100509;1611.2;4;9463885333;B
20240125;100509;1611.2;43;9463885352;B
20240125;100509;1611.2;7;9463885353;B
20240125;100511;1611;2;9463885575;S
20240125;100512;1611.2;200;9463885717;B
20240125;100513;1611;1;9463885944;S
20240125;100513;1611.2;10;9463886220;B
20240125;100516;1611;4;9463886916;S
20240125;100516;1611;5;9463886917;S
20240125;100516;1611;3;9463886918;S
20240125;100516;1611;5;9463886919;S
20240125;100516;1611;1;9463887129;B
20240125;100519;1611;1;9463887743;B
20240125;100520;1611;20;9463887957;B
20240125;100520;1611;4;9463887968;B
20240125;100522;1611;3;9463888374;B
20240125;100523;1610.8;4;9463888518;S
20240125;100524;1611;10;9463888563;B
20240125;100524;1611;2;9463888590;B
20240125;100524;1611;2;9463888592;B
20240125;100524;1611;150;9463888670;B
20240125;100524;1611;20;9463888673;B
20240125;100525;1611;10;9463888753;B
20240125;100526;1610.8;10;9463888911;S
20240125;100526;1610.6;43;9463888912;S
20240125;100526;1610.4;5;9463888913;S
20240125;100526;1610.4;23;9463888914;S
20240125;100526;1610.2;19;9463888915;S
20240125;100527;1611;10;9463889115;B
20240125;100531;1611;13;9463889758;B
20240125;100536;1611;30;9463890628;B
20240125;100537;1610.2;43;9463890927;S
20240125;100537;1610.2;8;9463890928;S
20240125;100541;1611;1;9463891553;B
20240125;100548;1610.8;25;9463892954;B
20240125;100549;1610.8;1;9463893073;B
20240125;100549;1610.4;2;9463893140;S
20240125;100552;1610.2;27;9463893750;S
20240125;100552;1610.2;2;9463893752;S
20240125;100552;1610.2;59;9463893758;S
20240125;100552;1610.2;62;9463893759;S
20240125;100552;1610;79;9463893760;S
20240125;100554;1610.4;2;9463893949;B
20240125;100555;1610.4;10;9463894204;B
20240125;100555;1610.4;3;9463894210;S
20240125;100557;1610.2;100;9463894443;S
20240125;100559;1610.2;10;9463894742;S
20240125;100600;1610.8;1;9463894878;B
20240125;100600;1610.8;6;9463894890;B
20240125;100600;1610.8;40;9463894891;B
20240125;100600;1610.8;1;9463894892;B
20240125;100600;1610.8;60;9463894893;B
20240125;100600;1610.8;60;9463894894;B
20240125;100600;1611;133;9463894895;B
20240125;100601;1610.8;5;9463895050;S
20240125;100601;1610.4;5;9463895051;S
20240125;100601;1610.2;29;9463895052;S
20240125;100603;1610.2;2;9463895395;B
20240125;100603;1610.2;2;9463895533;B
20240125;100604;1610;8;9463895659;S
20240125;100605;1610.2;3;9463895874;B
20240125;100607;1610;13;9463896272;S
20240125;100607;1610;2;9463896273;S
20240125;100607;1610;1;9463896274;S
20240125;100607;1610;1;9463896275;S
20240125;100607;1610;1;9463896276;S
20240125;100607;1610;10;9463896277;S
20240125;100607;1610;1;9463896278;S
20240125;100610;1610;21;9463896762;B
20240125;100612;1609.6;8;9463897336;S
20240125;100614;1609.6;35;9463897834;S
20240125;100615;1609.6;20;9463897895;S
20240125;100616;1609.6;3;9463898039;S
20240125;100621;1610;1;9463899032;B
20240125;100621;1610;100;9463899070;B
20240125;100622;1610;1;9463899149;B
20240125;100622;1609.6;25;9463899162;S
20240125;100622;1609.6;1;9463899224;S
20240125;100628;1609.8;2;9463900143;B
20240125;100631;1609.8;5;9463900709;B
20240125;100631;1609.6;8;9463900713;S
20240125;100631;1609.6;1;9463900714;S
20240125;100631;1609.6;23;9463900715;S
20240125;100631;1609.6;98;9463900716;S
20240125;100632;1609.8;1;9463901007;B
20240125;100633;1609.8;1;9463901132;B
20240125;100633;1609.6;2;9463901169;S
20240125;100633;1609.4;2;9463901170;S
20240125;100634;1609.2;1;9463901329;S
20240125;100634;1609.8;2;9463901369;B
20240125;100635;1609.8;2;9463901511;B
20240125;100635;1609.8;5;9463901585;B
20240125;100637;1609.6;10;9463901820;B
20240125;100638;1609.2;61;9463901959;S
20240125;100638;1609;1;9463901960;S
20240125;100638;1609;40;9463901961;S
20240125;100638;1609;2;9463901962;S
20240125;100638;1609;12;9463901963;S
20240125;100638;1609;34;9463901964;S
20240125;100641;1609.2;5;9463902634;S
20240125;100641;1609;66;9463902763;S
20240125;100641;1609;18;9463902764;S
20240125;100641;1609;10;9463902765;S
20240125;100641;1609;20;9463902766;S
20240125;100641;1609;5;9463902767;S
20240125;100641;1609;7;9463902768;S
20240125;100641;1608.6;4;9463902769;S
20240125;100642;1608.6;9;9463903008;S
20240125;100643;1608.6;87;9463903366;S
20240125;100643;1608.4;5;9463903367;S
20240125;100643;1608.4;1;9463903368;S
20240125;100643;1608.4;13;9463903369;S
20240125;100643;1608.2;2;9463903370;S
20240125;100643;1608.2;10;9463903371;S
20240125;100643;1608.2;32;9463903372;S
20240125;100648;1608.2;1;9463904468;S
20240125;100649;1608.2;17;9463904623;S
20240125;100649;1608.2;1;9463904624;S
20240125;100649;1608.2;3;9463904625;S
20240125;100649;1608.2;30;9463904626;S
20240125;100649;1608;99;9463904627;S
20240125;100650;1608.6;100;9463904745;S
20240125;100651;1608;5;9463904885;S
20240125;100652;1608;30;9463905148;S
20240125;100655;1608.2;2;9463906140;S
20240125;100655;1608;166;9463906141;S
20240125;100655;1608;10;9463906142;S
20240125;100655;1608;2;9463906143;S
20240125;100655;1608;500;9463906144;S
20240125;100655;1608;4;9463906145;S
20240125;100655;1608;1;9463906146;S
20240125;100655;1608;1315;9463906147;S
20240125;100656;1608;40;9463906408;S
20240125;100700;1608.2;50;9463907121;S
20240125;100700;1608;98;9463907122;S
20240125;100700;1608;47;9463907124;S
20240125;100704;1608.2;1;9463907667;S
20240125;100705;1608.2;54;9463907940;S
20240125;100705;1608;5;9463907941;S
20240125;100705;1608;22;9463907942;S
20240125;100706;1608.2;2;9463908130;B
20240125;100706;1608;1;9463908201;S
20240125;100707;1608.2;3;9463908251;B
20240125;100712;1608.2;4;9463909175;B
20240125;100712;1608.2;200;9463909176;B
20240125;100712;1608.2;20;9463909177;B
20240125;100712;1608;178;9463909340;S
20240125;100714;1608;100;9463910326;S
20240125;100716;1608;14;9463910793;S
20240125;100717;1608.2;2;9463910821;S
20240125;100718;1608;4;9463911064;S
20240125;100718;1608;4;9463911065;S
20240125;100718;1608;1;9463911066;S
20240125;100718;1608;91;9463911067;S
20240125;100718;1608;9;9463911068;S
20240125;100718;1608;30;9463911069;S
20240125;100718;1608;9;9463911070;S
20240125;100718;1608;30;9463911072;S
20240125;100718;1608;17;9463911134;S
20240125;100718;1608;1;9463911135;S
20240125;100718;1607.8;17;9463911136;S
20240125;100718;1607.8;5;9463911154;S
20240125;100720;1607.8;8;9463911519;S
20240125;100720;1607.6;25;9463911520;S
20240125;100720;1607.6;1;9463911521;S
20240125;100720;1607.4;20;9463911522;S
20240125;100720;1607.4;3;9463911523;S
20240125;100720;1607.4;5;9463911524;S
20240125;100720;1607.4;1;9463911525;S
20240125;100723;1607.6;2;9463912025;S
20240125;100723;1607.4;37;9463912026;S
20240125;100724;1607.4;12;9463912228;S
20240125;100724;1607.2;1;9463912229;S
20240125;100724;1607.2;1;9463912230;S
20240125;100724;1607.2;13;9463912231;S
20240125;100731;1607.2;5;9463913410;S
20240125;100732;1607.4;1;9463913798;S
20240125;100733;1607.4;33;9463913909;S
20240125;100733;1607.4;16;9463913924;S
20240125;100733;1607.2;282;9463913925;S
20240125;100733;1607.2;5;9463913926;S
20240125;100733;1607.2;117;9463913927;S
20240125;100735;1607.8;2;9463914341;S
20240125;100736;1608;22;9463914355;B
20240125;100736;1608;25;9463914371;B
20240125;100737;1608;1;9463914548;B
20240125;100738;1607.6;2;9463914656;S
20240125;100738;1607.2;83;9463914657;S
20240125;100738;1607.2;65;9463914658;S
20240125;100739;1607.2;5;9463915058;S
20240125;100740;1607.6;20;9463915232;B
20240125;100740;1607.6;60;9463915233;B
20240125;100740;1607.8;60;9463915234;B
20240125;100740;1608;1;9463915235;B
20240125;100740;1608;62;9463915236;B
20240125;100740;1608.2;2;9463915237;B
20240125;100740;1608.2;25;9463915238;B
20240125;100740;1608.2;186;9463915239;B
20240125;100740;1608.4;23;9463915240;B
20240125;100740;1608.4;1;9463915241;B
20240125;100740;1608.6;224;9463915242;B
20240125;100740;1608.6;1;9463915243;B
20240125;100740;1608.6;1;9463915244;B
20240125;100740;1608.6;1;9463915245;B
20240125;100740;1608.6;62;9463915246;B
20240125;100740;1608.8;1;9463915247;B
20240125;100740;1608.8;2203;9463915248;B
20240125;100740;1609.2;45;9463915249;B
20240125;100740;1609.2;10;9463915250;B
20240125;100740;1609.6;5;9463915251;B
20240125;100740;1609.6;31;9463915252;B
20240125;100740;1609.6;60;9463915253;B
20240125;100740;1610.2;20;9463915254;B
20240125;100740;1610.2;30;9463915255;B
20240125;100741;1610.2;100;9463915258;S
20240125;100742;1610.6;25;9463915668;B
20240125;100743;1610.6;25;9463915838;B
20240125;100744;1610.8;1;9463915933;B
20240125;100744;1610.8;5;9463915934;B
20240125;100744;1610.8;1;9463915935;B
20240125;100745;1610.8;4;9463916158;S
20240125;100745;1611;4;9463916198;B
20240125;100745;1611;2;9463916199;B
20240125;100745;1611;4;9463916200;B
20240125;100746;1611;25;9463916412;B
20240125;100746;1611;14;9463916413;B
20240125;100748;1610.8;10;9463916800;S
20240125;100748;1610.8;2;9463916801;S
20240125;100749;1610.8;2;9463916853;B
20240125;100749;1610.8;386;9463916916;B
20240125;100749;1611;5;9463916917;B
20240125;100749;1611;1;9463916918;B
20240125;100749;1611;1;9463916919;B
20240125;100749;1611;60;9463916920;B
20240125;100749;1611.2;1;9463916921;B
20240125;100749;1611.2;1;9463916922;B
20240125;100749;1611.2;13;9463916923;B
20240125;100749;1611.2;32;9463916924;B
20240125;100749;1611.2;10;9463917100;B
20240125;100750;1611.2;10;9463917152;B
20240125;100750;1611.2;1;9463917231;B
20240125;100751;1611.2;20;9463917295;S
20240125;100751;1611.2;1;9463917390;S
20240125;100751;1611;28;9463917391;S
20240125;100751;1610.8;1;9463917392;S
20240125;100751;1610.8;6;9463917393;S
20240125;100751;1611.4;6;9463917396;B
20240125;100752;1610.8;4;9463917450;S
20240125;100752;1610.8;50;9463917451;S
20240125;100752;1610.6;10;9463917452;S
20240125;100752;1610.6;3;9463917453;S
20240125;100752;1610.6;2;9463917454;S
20240125;100752;1610.6;5;9463917455;S
20240125;100752;1610.4;10;9463917456;S
20240125;100752;1610.4;16;9463917457;S
20240125;100752;1611;60;9463917500;B
20240125;100752;1611.2;40;9463917501;B
20240125;100752;1611.4;44;9463917572;B
20240125;100752;1611.4;60;9463917573;B
20240125;100752;1611.6;44;9463917574;B
20240125;100752;1611.6;60;9463917575;B
20240125;100752;1611.8;1;9463917576;B
20240125;100752;1611.8;35;9463917577;B
20240125;100752;1611.8;256;9463917578;S
20240125;100804;1611.4;5;9463920012;B
20240125;100804;1611.4;62;9463920013;B
20240125;100804;1611.4;33;9463920014;B
20240125;100805;1611.4;3;9463920104;B
20240125;100807;1611.4;1;9463920683;B
20240125;100807;1611.4;19;9463920684;S
20240125;100810;1611.2;11;9463921171;S
20240125;100810;1611.2;1;9463921172;S
20240125;100810;1611.2;1;9463921173;S
20240125;100810;1611.2;1;9463921174;S
20240125;100810;1611.2;1;9463921175;S
20240125;100810;1611.2;1;9463921176;S
20240125;100810;1611.2;2;9463921177;S
20240125;100810;1611.2;1;9463921178;S
20240125;100810;1611;10;9463921179;S
20240125;100810;1611;50;9463921180;S
20240125;100810;1611;2;9463921181;S
20240125;100810;1611;2;9463921182;S
20240125;100810;1611;1;9463921183;S
20240125;100813;1610.8;2;9463921707;S
20240125;100813;1610.8;2;9463921708;S
20240125;100813;1610.8;1;9463921709;S
20240125;100813;1610.8;9;9463921710;S
20240125;100815;1611;44;9463922046;B
20240125;100816;1611;177;9463922136;B
20240125;100816;1610.8;1;9463922146;S
20240125;100817;1611;20;9463922432;B
20240125;100818;1610.8;1;9463922541;S
20240125;100819;1610.8;1;9463922703;S
20240125;100819;1610.8;4;9463922780;S
20240125;100821;1610.6;2;9463922944;S
20240125;100821;1610.6;2;9463922945;S
20240125;100821;1610.6;2;9463922946;S
20240125;100821;1610.4;74;9463922947;S
20240125;100822;1610.4;1;9463923124;S
20240125;100822;1610.4;2;9463923125;S
20240125;100822;1610.4;2;9463923126;S
20240125;100822;1610.2;15;9463923127;S
20240125;100824;1610.6;1;9463923471;B
20240125;100834;1610.6;62;9463925093;B
20240125;100834;1610.6;62;9463925094;B
20240125;100834;1610.8;96;9463925095;B
20240125;100835;1611;4;9463925188;B
20240125;100835;1610.8;3;9463925243;S
20240125;100837;1610.8;10;9463925518;S
20240125;100838;1610.8;2;9463925648;S
20240125;100840;1610.8;1;9463925853;S
20240125;100841;1611;4;9463926101;B
20240125;100842;1610.8;13;9463926310;S
20240125;100846;1611;67;9463927002;B
20240125;100846;1611;18;9463927003;B
20240125;100847;1610.8;10;9463927058;S
20240125;100847;1611;32;9463927142;B
20240125;100847;1611;17;9463927143;B
20240125;100848;1610.8;1;9463927206;S
20240125;100850;1611;30;9463927480;B
20240125;100852;1611;1;9463927801;B
20240125;100853;1610.8;1;9463927937;S
20240125;100853;1610.8;1;9463927938;S
20240125;100853;1610.6;7;9463927939;S
20240125;100900;1610.8;1;9463928995;S
20240125;100900;1610.8;1;9463928996;S
20240125;100900;1610.6;21;9463928997;S
20240125;100900;1610.6;10;9463928998;S
20240125;100900;1610.4;150;9463928999;S
20240125;100900;1610.4;117;9463929000;S
20240125;100903;1610.4;2;9463929620;B
20240125;100903;1610.4;30;9463929621;B
20240125;100907;1610.2;452;9463930217;S
20240125;100908;1610.4;1;9463930283;B
20240125;100909;1610.4;1;9463930397;B
20240125;100913;1610.4;1;9463931139;B
20240125;100913;1610.4;5;9463931140;B
20240125;100913;1610.6;34;9463931141;B
20240125;100913;1610.6;4;9463931229;B
20240125;100915;1610.4;62;9463931429;S
20240125;100915;1610.4;8;9463931430;S
20240125;100919;1610.2;3;9463931908;S
20240125;100919;1610.4;1;9463931925;B
20240125;100919;1610.2;40;9463931959;S
20240125;100920;1610.2;3;9463931991;S
20240125;100920;1610.2;3;9463932055;S
20240125;100921;1610.2;3;9463932175;S
20240125;100922;1610.2;10;9463932338;S
20240125;100925;1610.2;1;9463932629;S
20240125;100925;1610.4;1;9463932752;B
20240125;100926;1610.2;9;9463932881;S
20240125;100927;1610.4;8;9463932978;B
20240125;100930;1610.2;20;9463933439;S
20240125;100931;1610.4;1;9463933491;B
20240125;100931;1610.2;1;9463933581;S
20240125;100931;1610.4;32;9463933601;B
20240125;100931;1610.4;2;9463933610;B
20240125;100931;1610.2;200;9463933667;S
20240125;100934;1610.4;5;9463934175;B
20240125;100934;1610.2;118;9463934261;S
20240125;100935;1610.2;6;9463934477;S
20240125;100936;1610.2;2;9463934542;S
20240125;100938;1610.4;100;9463935472;B
20240125;100938;1610.4;37;9463935489;B
20240125;100939;1610.4;1;9463935617;B
20240125;100939;1610.4;3;9463935655;B
20240125;100939;1610.6;9;9463935656;B
20240125;100939;1610.6;3;9463935657;B
20240125;100939;1610.6;35;9463935658;B
20240125;100939;1610.4;62;9463935669;S
20240125;100939;1610.4;60;9463935670;S
20240125;100939;1610.2;89;9463935671;S
20240125;100940;1610.6;4;9463935873;B
20240125;100940;1610.8;1;9463935973;B
20240125;100940;1610.6;50;9463935986;S
20240125;100942;1610.6;20;9463936309;S
20240125;100944;1610.8;100;9463936533;B
20240125;100945;1610.8;1;9463936535;B
20240125;100945;1610.8;250;9463936623;B
20240125;100946;1610.6;42;9463936668;S
20240125;100946;1610.6;38;9463936669;S
20240125;100946;1610.8;4;9463936745;B
20240125;100948;1610.6;4;9463937028;S
20240125;100949;1610.8;1;9463937241;B
20240125;100953;1610.8;3;9463937794;B
20240125;100956;1610.8;2;9463938284;B
20240125;101002;1610.8;4;9463939042;B
20240125;101006;1610.6;18;9463939633;S
20240125;101006;1610.6;3;9463939634;S
20240125;101006;1610.8;100;9463939671;B
20240125;101011;1610.6;24;9463940962;S
20240125;101011;1610.6;106;9463940963;S
20240125;101011;1610.6;34;9463940964;S
20240125;101011;1610.6;10;9463940965;S
20240125;101011;1610.6;3;9463940966;S
20240125;101011;1610.6;20;9463940967;S
20240125;101011;1610.6;27;9463940968;S
20240125;101012;1610.6;7;9463941048;S
20240125;101013;1610.8;10;9463941204;B
20240125;101013;1610.6;1;9463941210;S
20240125;101018;1610.8;524;9463941940;B
20240125;101018;1610.8;7;9463941941;B
20240125;101018;1610.8;50;9463941942;B
20240125;101018;1610.8;50;9463941943;B
20240125;101018;1610.8;200;9463941944;B
20240125;101018;1610.8;2;9463941953;S
20240125;101020;1611;1;9463942120;B
20240125;101020;1611;4;9463942202;B
20240125;101021;1610.8;16;9463942243;S
20240125;101021;1610.8;3;9463942297;S
20240125;101021;1611;312;9463942366;B
20240125;101022;1611;38;9463942426;B
20240125;101022;1610.8;40;9463942475;S
20240125;101022;1611;100;9463942514;B
20240125;101023;1611;100;9463942692;B
20240125;101023;1611;2;9463942693;B
20240125;101024;1611;15;9463942727;B
20240125;101024;1611;85;9463942728;B
20240125;101026;1610.8;6;9463942986;S
20240125;101026;1611;1;9463942995;B
20240125;101026;1611;1;9463943015;B
20240125;101027;1610.8;10;9463943153;S
20240125;101028;1611;12;9463943328;B
20240125;101028;1610.8;2;9463943356;S
20240125;101029;1611;3;9463943408;B
20240125;101029;1611;3;9463943409;B
20240125;101029;1611;1;9463943410;B
20240125;101032;1611;18;9463943781;B
20240125;101040;1610.8;9;9463944932;S
20240125;101042;1611;71;9463945173;B
20240125;101042;1611;11;9463945174;B
20240125;101042;1611;43;9463945175;B
20240125;101046;1611;82;9463945615;B
20240125;101048;1611;6;9463945886;S
20240125;101049;1611;1;9463945936;S
20240125;101049;1611.2;2;9463946040;B
20240125;101050;1611;2;9463946094;S
20240125;101050;1611;1;9463946095;S
20240125;101050;1611.2;21;9463946193;B
20240125;101051;1611.2;2;9463946217;B
20240125;101052;1611.2;200;9463946405;B
20240125;101053;1611.2;200;9463946479;B
20240125;101053;1611.2;475;9463946513;B
20240125;101053;1611.2;5;9463946514;B
20240125;101054;1611.6;1;9463946544;B
20240125;101054;1611.6;10;9463946557;S
20240125;101054;1611.8;2;9463946623;B
20240125;101054;1611.8;2;9463946624;B
20240125;101054;1611.8;184;9463946625;B
20240125;101054;1612;1;9463946626;B
20240125;101054;1612;3;9463946627;B
20240125;101054;1612;8;9463946628;B
20240125;101054;1612;144;9463946629;B
20240125;101054;1612;250;9463946630;B
20240125;101055;1611.8;1;9463946682;S
20240125;101055;1612;1;9463946745;B
20240125;101056;1612;2;9463946801;B
20240125;101056;1612;50;9463946934;B
20240125;101100;1612;3;9463947379;B
20240125;101100;1612;2;9463947380;B
20240125;101100;1612;7;9463947381;B
20240125;101100;1612;8;9463947452;B
20240125;101100;1612;12;9463947453;B
20240125;101102;1611.8;3;9463947670;S
20240125;101102;1611.8;9;9463947683;S
20240125;101103;1612;1;9463947862;B
20240125;101107;1612;62;9463948317;B
20240125;101108;1612;25;9463948390;B
20240125;101108;1612;50;9463948391;B
20240125;101108;1612;2;9463948417;S
20240125;101109;1612.2;3;9463948454;B
20240125;101109;1612.2;2;9463948455;B
20240125;101111;1612.4;2;9463948655;B
20240125;101111;1612.4;16;9463948656;B
20240125;101112;1612.4;9;9463948796;B
20240125;101112;1612.4;61;9463948797;B
20240125;101114;1612.4;170;9463948978;B
20240125;101118;1612.4;25;9463949567;S
20240125;101119;1612.4;1;9463949598;S
20240125;101121;1612.6;3;9463949950;B
20240125;101121;1612.6;70;9463950001;B
20240125;101122;1612.4;1;9463950158;S
20240125;101122;1612.6;6;9463950187;B
20240125;101123;1612.6;221;9463950285;B
20240125;101123;1612.6;25;9463950286;B
20240125;101123;1612.6;2;9463950287;B
20240125;101123;1612.8;3;9463950288;B
20240125;101123;1613;70;9463950289;B
20240125;101123;1613;1;9463950290;B
20240125;101123;1613;1;9463950291;B
20240125;101123;1613;1;9463950292;B
20240125;101123;1613;25;9463950293;B
20240125;101123;1613.2;1;9463950294;B
20240125;101123;1613.2;50;9463950295;B
20240125;101123;1613.2;3;9463950296;B
20240125;101123;1613.2;3;9463950297;B
20240125;101123;1613.2;5;9463950298;B
20240125;101123;1613.2;1;9463950299;B
20240125;101123;1613.2;40;9463950300;B
20240125;101124;1613.2;4;9463950334;B
20240125;101127;1613;1;9463950964;S
20240125;101127;1612.8;3;9463951037;S
20240125;101128;1612.8;1;9463951162;S
20240125;101129;1612.8;40;9463951215;S
20240125;101129;1612.8;33;9463951340;S
20240125;101129;1612.8;46;9463951341;S
20240125;101129;1612.8;21;9463951342;S
20240125;101131;1612.8;1;9463951466;B
20240125;101131;1613;1;9463951467;B
20240125;101131;1613;1;9463951468;B
20240125;101131;1613;7;9463951469;B
20240125;101131;1613;50;9463951471;B
20240125;101132;1612.8;1;9463951695;B
20240125;101133;1613.2;56;9463951760;B
20240125;101133;1613.2;100;9463951761;B
20240125;101133;1613.2;1;9463951762;B
20240125;101133;1613.2;25;9463951763;B
20240125;101133;1613.2;186;9463951764;B
20240125;101133;1613.4;451;9463951765;B
20240125;101133;1613.4;1;9463951831;B
20240125;101134;1613.2;1;9463952068;S
20240125;101135;1613.2;1;9463952097;S
20240125;101135;1613.2;2;9463952098;S
20240125;101135;1613.4;136;9463952155;B
20240125;101136;1613.4;109;9463952239;B
20240125;101136;1613.4;1;9463952323;B
20240125;101137;1613.4;1302;9463952368;B
20240125;101137;1613.4;3;9463952369;B
20240125;101137;1613.8;88;9463952370;B
20240125;101137;1614;107;9463952371;B
20240125;101138;1613.8;3;9463952487;S
20240125;101138;1613.8;1;9463952503;B
20240125;101138;1613.8;21;9463952558;B
20240125;101138;1614;43;9463952578;B
20240125;101138;1614;100;9463952579;B
20240125;101138;1614;50;9463952580;B
20240125;101138;1614.2;220;9463952581;B
20240125;101138;1614.4;36;9463952582;B
20240125;101139;1614.4;185;9463952653;B
20240125;101139;1614.6;3;9463952654;B
20240125;101139;1614.8;12;9463952655;B
20240125;101139;1614;25;9463952705;S
20240125;101141;1614.8;25;9463952854;B
20240125;101141;1614.8;2;9463952855;B
20240125;101141;1615;21;9463952856;B
20240125;101141;1615;2;9463952857;B
20240125;101141;1615;4;9463952936;B
20240125;101141;1615;4;9463952956;B
20240125;101141;1615;91;9463952957;B
20240125;101142;1615;9;9463952988;B
20240125;101142;1615;5;9463952989;B
20240125;101142;1615;3;9463952990;B
20240125;101142;1615;56;9463952991;B
20240125;101143;1614.8;14;9463953114;B
20240125;101143;1614.2;10;9463953127;S
20240125;101144;1614.8;11;9463953204;B
20240125;101144;1615;89;9463953205;B
20240125;101144;1614.2;35;9463953208;S
20240125;101144;1614.2;5;9463953209;S
20240125;101145;1614.8;2;9463953453;B
20240125;101145;1614.8;3;9463953454;B
20240125;101149;1614.8;22;9463953930;B
20240125;101149;1614.8;2;9463953931;B
20240125;101149;1615;76;9463953932;B
20240125;101149;1615;59;9463953933;B
20240125;101149;1615;1;9463953934;B
20240125;101151;1615.2;1;9463954277;B
20240125;101151;1615.2;3;9463954278;B
20240125;101151;1615.2;2;9463954279;B
20240125;101151;1615.2;94;9463954280;B
20240125;101152;1615.6;20;9463954350;B
20240125;101152;1615.6;80;9463954351;B
20240125;101154;1615.4;2;9463954699;B
20240125;101154;1615.4;25;9463954700;B
20240125;101154;1615.6;73;9463954701;B
20240125;101155;1615.8;1;9463954866;B
20240125;101155;1615.8;2;9463954867;B
20240125;101155;1615.6;2;9463954873;B
20240125;101155;1615.8;48;9463954874;B
20240125;101155;1615.8;2;9463954875;B
20240125;101155;1615.8;2;9463954876;B
20240125;101155;1615.8;1;9463954877;B
20240125;101155;1615.8;45;9463954878;B
20240125;101156;1615.8;4;9463954958;B
20240125;101158;1615.6;25;9463955329;B
20240125;101158;1615.8;75;9463955330;B
20240125;101201;1615.6;2;9463955799;B
20240125;101201;1615.8;60;9463955800;B
20240125;101201;1615.8;38;9463955801;B
20240125;101204;1615.8;22;9463956139;B
20240125;101204;1615.8;62;9463956140;B
20240125;101204;1615.8;16;9463956141;B
20240125;101209;1615.4;2;9463956870;B
20240125;101209;1615.4;48;9463956871;B
20240125;101210;1615;1;9463956913;S
20240125;101210;1615.4;50;9463957028;B
20240125;101213;1615;2;9463957278;S
20240125;101213;1615.2;2;9463957290;B
20240125;101213;1615.4;27;9463957291;B
20240125;101213;1615.2;50;9463957324;B
20240125;101218;1615;11;9463957878;S
20240125;101218;1615;25;9463957911;S
20240125;101218;1615.2;10;9463957919;B
20240125;101218;1615.2;3;9463957920;B
20240125;101219;1615;1;9463957982;S
20240125;101221;1615;20;9463958166;S
20240125;101221;1615.2;59;9463958179;B
20240125;101221;1615.2;19;9463958180;B
20240125;101221;1615.2;10;9463958194;B
20240125;101226;1615.2;3;9463958854;B
20240125;101226;1615;10;9463958855;S
20240125;101226;1615.2;18;9463958856;B
20240125;101226;1615.2;2;9463958857;B
20240125;101226;1615.2;30;9463958858;B
20240125;101227;1615.2;2;9463959302;B
20240125;101228;1615.2;60;9463959488;B
20240125;101228;1615.2;40;9463959489;B
20240125;101229;1615;1;9463959556;S
20240125;101229;1615;12;9463959620;S
20240125;101230;1615.2;1;9463959814;B
20240125;101230;1615.2;10;9463959815;B
20240125;101230;1615.2;11;9463959816;B
20240125;101230;1615.2;59;9463959817;B
20240125;101230;1615.2;161;9463959843;B
20240125;101230;1615.2;60;9463959844;B
20240125;101230;1615.4;23;9463959845;B
20240125;101230;1615.4;2;9463959846;B
20240125;101230;1615.4;185;9463959847;B
20240125;101230;1615.4;60;9463959848;B
20240125;101230;1615.6;10;9463959849;B
20240125;101230;1615.6;2;9463959850;B
20240125;101230;1615.6;30;9463959851;B
20240125;101230;1615.8;1;9463959852;B
20240125;101230;1615.8;10;9463959853;B
20240125;101230;1615.8;2;9463959854;B
20240125;101230;1615.8;7;9463959855;B
20240125;101230;1615.8;52;9463959856;B
20240125;101231;1615.2;1;9463960058;B
20240125;101232;1615.2;30;9463960100;B
20240125;101235;1615.4;8;9463960567;B
20240125;101236;1615.2;1;9463960669;B
20240125;101236;1615;57;9463960691;S
20240125;101236;1615;3;9463960692;S
20240125;101236;1615;10;9463960693;S
20240125;101236;1615;3;9463960694;S
20240125;101236;1615;20;9463960695;S
20240125;101236;1615;7;9463960696;S
20240125;101240;1615.2;100;9463961071;B
20240125;101241;1615;2;9463961228;S
20240125;101244;1615.2;1;9463961639;B
20240125;101246;1615;1;9463961820;S
20240125;101246;1615;40;9463961821;S
20240125;101246;1615;4;9463961822;S
20240125;101246;1615;4;9463961823;S
20240125;101248;1615;10;9463962076;S
20240125;101248;1615;1;9463962077;S
20240125;101248;1615;10;9463962157;B
20240125;101248;1615;39;9463962159;B
20240125;101250;1615;1;9463962375;B
20240125;101250;1615;1;9463962449;B
20240125;101255;1615.2;1;9463963257;B
20240125;101257;1615.2;1;9463963535;B
20240125;101257;1615.2;11;9463963536;B
20240125;101257;1615.2;2;9463963537;B
20240125;101257;1615.2;2;9463963538;B
20240125;101257;1615.2;2;9463963539;B
20240125;101257;1615.2;2;9463963540;B
20240125;101257;1615.2;2;9463963541;B
20240125;101257;1615.4;50;9463963542;B
20240125;101257;1615.6;2;9463963543;B
20240125;101257;1615.8;50;9463963544;B
20240125;101257;1615.8;20;9463963545;B
20240125;101257;1615.8;45;9463963546;B
20240125;101257;1616;10;9463963547;B
20240125;101257;1616;1;9463963548;B
20240125;101257;1616;1;9463963549;B
20240125;101257;1616;1;9463963550;B
20240125;101257;1616;3;9463963551;B
20240125;101257;1616;58;9463963552;B
20240125;101259;1615.2;13;9463964013;S
20240125;101302;1615.2;1;9463964370;S
20240125;101312;1615.4;2;9463965618;B
20240125;101314;1615.4;9;9463966047;S
20240125;101315;1615.4;16;9463966182;S
20240125;101321;1615.6;1;9463966807;B
20240125;101321;1615.6;19;9463966808;B
20240125;101321;1615.4;1;9463966893;S
20240125;101323;1615.4;43;9463967090;S
20240125;101323;1615.6;35;9463967148;B
20240125;101325;1615.6;1;9463967359;B
20240125;101328;1615.6;1;9463967794;B
20240125;101329;1615.6;4;9463967885;B
20240125;101329;1615.6;5;9463967886;B
20240125;101329;1615.6;51;9463967887;B
20240125;101331;1615.4;6;9463968215;S
20240125;101332;1615.4;5;9463968246;B
20240125;101334;1615.2;30;9463968724;S
20240125;101338;1615.4;6;9463969270;B
20240125;101339;1615.2;20;9463969309;S
20240125;101340;1615.4;1;9463969398;B
20240125;101341;1615.4;2;9463969635;B
20240125;101341;1615.2;5;9463969661;S
20240125;101342;1615.4;3;9463969815;B
20240125;101344;1615.4;10;9463970020;B
20240125;101346;1615.4;1;9463970234;B
20240125;101346;1615.2;1;9463970237;S
20240125;101350;1615.4;66;9463971680;B
20240125;101350;1615.4;57;9463971681;B
20240125;101350;1615.4;3;9463971728;B
20240125;101350;1615.4;60;9463971729;B
20240125;101350;1615.4;5;9463971730;B
20240125;101350;1615.4;24;9463971731;B
20240125;101351;1615.2;2;9463971818;S
20240125;101351;1615.4;3;9463971855;B
20240125;101354;1615.2;1;9463972181;S
20240125;101357;1615.2;1;9463972554;S
20240125;101357;1615;1;9463972579;S
20240125;101357;1615;1;9463972580;S
20240125;101357;1615;3;9463972581;S
20240125;101402;1615;4;9463973238;B
20240125;101403;1615;1;9463973320;B
20240125;101406;1615;2;9463973661;B
20240125;101406;1615;3;9463973662;B
20240125;101407;1615;10;9463973713;B
20240125;101407;1614.8;2;9463973726;S
20240125;101408;1614.8;1;9463973793;S
20240125;101408;1615;2;9463973821;B
20240125;101408;1614.8;11;9463973822;S
20240125;101408;1614.6;23;9463973823;S
20240125;101408;1614.4;36;9463973824;S
20240125;101409;1614.6;62;9463973959;B
20240125;101409;1614.6;62;9463973960;B
20240125;101409;1614.6;26;9463973961;B
20240125;101411;1614.6;2;9463974150;B
20240125;101425;1614.4;2;9463975805;B
20240125;101425;1614.4;13;9463975806;B
20240125;101425;1614.2;1;9463975854;S
20240125;101427;1614.2;1;9463976080;S
20240125;101427;1614;46;9463976081;S
20240125;101427;1614;1;9463976082;S
20240125;101427;1614;152;9463976083;S
20240125;101427;1613.8;36;9463976084;S
20240125;101427;1613.6;213;9463976085;S
20240125;101428;1613.4;3;9463976294;S
20240125;101428;1613.2;3;9463976295;S
20240125;101433;1613.2;1;9463976750;S
20240125;101433;1613.2;1;9463976787;S
20240125;101433;1614;1;9463976805;B
20240125;101437;1614;9;9463977300;B
20240125;101437;1614;1;9463977301;B
20240125;101438;1614.2;10;9463977387;B
20240125;101445;1613.2;3;9463977998;S
20240125;101446;1613;1;9463978092;S
20240125;101446;1613;1;9463978104;S
20240125;101505;1613;10;9463980951;S
20240125;101505;1612.8;1;9463980969;S
20240125;101505;1612.8;1;9463980978;S
20240125;101509;1613.8;3;9463981508;B
20240125;101509;1613.8;23;9463981509;B
20240125;101509;1613.8;39;9463981510;B
20240125;101510;1613.8;3;9463981705;B
20240125;101515;1612.8;10;9463982500;S
20240125;101520;1613.2;1;9463983557;B
20240125;101520;1613.2;1;9463983558;B
20240125;101520;1613.2;48;9463983559;B
20240125;101525;1612.8;20;9463984462;S
20240125;101525;1613.2;2;9463984513;B
20240125;101525;1613.2;7;9463984514;B
20240125;101525;1613.4;17;9463984515;B
20240125;101526;1613.4;7;9463984575;B
20240125;101526;1613;1;9463984687;B
20240125;101535;1613;4;9463986215;B
20240125;101536;1613;1;9463986409;B
20240125;101537;1613;27;9463986524;B
20240125;101539;1613;18;9463986930;B
20240125;101539;1613;2;9463986931;B
20240125;101540;1613.2;2;9463987159;B
20240125;101540;1613.2;62;9463987160;B
20240125;101540;1613.2;30;9463987161;B
20240125;101540;1613.2;5;9463987257;B
20240125;101540;1613.2;18;9463987262;B
20240125;101540;1613.2;10;9463987314;B
20240125;101542;1613.4;1;9463987679;B
20240125;101542;1613.4;10;9463987682;B
20240125;101546;1613.4;56;9463988328;B
20240125;101548;1613.2;1;9463988680;S
20240125;101548;1613;1;9463988681;S
20240125;101548;1613;8;9463988682;S
20240125;101551;1613.4;10;9463989219;B
20240125;101555;1613;1;9463989880;S
20240125;101601;1613;10;9463991070;S
20240125;101603;1613;1;9463991220;S
20240125;101603;1613;167;9463991221;S
20240125;101603;1612.8;30;9463991222;S
20240125;101603;1612.8;17;9463991223;S
20240125;101603;1612.8;60;9463991224;S
20240125;101603;1612.6;100;9463991225;S
20240125;101603;1612.6;23;9463991226;S
20240125;101603;1612.6;185;9463991227;S
20240125;101603;1612.6;60;9463991228;S
20240125;101603;1612.2;5;9463991229;S
20240125;101603;1612.2;1;9463991230;S
20240125;101603;1612.2;20;9463991231;S
20240125;101603;1612;10;9463991232;S
20240125;101603;1612;1;9463991233;S
20240125;101603;1612;15;9463991234;S
20240125;101603;1612.2;5;9463991297;S
20240125;101603;1612.2;23;9463991299;S
20240125;101604;1613;1;9463991356;B
20240125;101604;1613;1;9463991357;B
20240125;101614;1613.2;20;9463993080;B
20240125;101614;1613.4;80;9463993081;B
20240125;101615;1613.4;1;9463993287;B
20240125;101616;1613.2;1;9463993504;B
20240125;101619;1613;1;9463993964;S
20240125;101621;1613.2;30;9463994190;S
20240125;101621;1613;2;9463994191;S
20240125;101621;1612.6;62;9463994192;S
20240125;101621;1612.4;60;9463994193;S
20240125;101621;1612.4;219;9463994194;S
20240125;101621;1612.2;17;9463994195;S
20240125;101621;1612.2;62;9463994196;S
20240125;101621;1612.2;1;9463994447;B
20240125;101624;1612.2;5;9463994985;B
20240125;101632;1612;3;9463996296;S
20240125;101633;1612;3;9463996408;S
20240125;101633;1612.2;542;9463996411;B
20240125;101633;1612.4;60;9463996412;B
20240125;101633;1612.6;6;9463996413;S
20240125;101633;1612.6;3;9463996508;S
20240125;101636;1612.6;3;9463996783;S
20240125;101636;1612.8;1;9463996784;B
20240125;101636;1612.6;3;9463996829;S
20240125;101638;1612.8;1;9463997061;S
20240125;101638;1612.6;2;9463997062;S
20240125;101638;1613;1;9463997063;B
20240125;101638;1613;1;9463997147;B
20240125;101650;1612.8;1;9463998931;S
20240125;101650;1613.2;25;9463998936;B
20240125;101650;1613.2;20;9463998937;B
20240125;101652;1613.2;3;9463999178;B
20240125;101707;1612.8;7;9464001031;S
20240125;101711;1612.8;2;9464001660;S
20240125;101711;1612.6;28;9464001661;S
20240125;101716;1612.6;1;9464002370;S
20240125;101716;1612.4;10;9464002371;S
20240125;101716;1612.2;1;9464002372;S
20240125;101716;1612.2;38;9464002373;S
20240125;101730;1612.4;16;9464004465;S
20240125;101730;1612.4;29;9464004466;S
20240125;101748;1612.4;1;9464006477;B
20240125;101754;1612.8;4;9464007254;B
20240125;101754;1612.8;4;9464007255;B
20240125;101756;1612.8;5;9464007609;B
20240125;101812;1612.2;1;9464009937;S
20240125;101820;1612.2;3;9464011120;S
20240125;101822;1612.2;8;9464011498;S
20240125;101822;1612.2;388;9464011499;S
20240125;101822;1612.2;60;9464011500;S
20240125;101822;1612.2;1;9464011501;S
20240125;101822;1612;3;9464011502;S
20240125;101822;1612;1000;9464011503;S
20240125;101822;1612;10;9464011504;S
20240125;101822;1612;10;9464011505;S
20240125;101822;1612;40;9464011506;S
20240125;101822;1612;60;9464011507;S
20240125;101822;1611.8;10;9464011508;S
20240125;101822;1611.8;250;9464011509;S
20240125;101822;1611.6;60;9464011510;S
20240125;101822;1611.6;120;9464011511;S
20240125;101822;1611.6;23;9464011512;S
20240125;101822;1611.4;1;9464011513;S
20240125;101822;1611.4;30;9464011514;S
20240125;101822;1611.4;2;9464011515;S
20240125;101822;1611.2;20;9464011516;S
20240125;101822;1611.2;3;9464011517;S
20240125;101822;1611.2;1;9464011518;S
20240125;101822;1611.2;2;9464011519;S
20240125;101822;1611.2;2;9464011520;S
20240125;101822;1611.2;5;9464011521;S
20240125;101822;1611;8;9464011522;S
20240125;101822;1611;1;9464011523;S
20240125;101822;1611;25;9464011524;S
20240125;101822;1611;100;9464011525;S
20240125;101822;1611;1249;9464011526;S
20240125;101822;1611;10;9464011527;S
20240125;101822;1611;60;9464011528;S
20240125;101822;1611;600;9464011529;S
20240125;101822;1611;389;9464011530;S
20240125;101824;1611.8;1;9464011758;B
20240125;101825;1612;10;9464011784;B
20240125;101827;1611.6;20;9464012211;B
20240125;101832;1611.2;14;9464013043;S
20240125;101832;1611;1;9464013044;S
20240125;101835;1611.2;10;9464013772;S
20240125;101835;1611.2;60;9464013773;S
20240125;101835;1611;240;9464013774;S
20240125;101835;1611;190;9464013775;S
20240125;101837;1611;14;9464014136;S
20240125;101838;1611.2;1;9464014391;S
20240125;101838;1611;99;9464014392;S
20240125;101841;1611;150;9464014893;S
20240125;101852;1611.4;10;9464017257;B
20240125;101856;1611.2;5;9464018025;S
20240125;101912;1611.4;1;9464021249;B
20240125;101919;1611.4;2;9464022939;B
20240125;101927;1611.2;1;9464024508;S
20240125;101927;1611.2;1;9464024509;S
20240125;101927;1611.2;1;9464024510;S
20240125;101927;1611.2;4;9464024511;S
20240125;101930;1611.2;15;9464025066;S
20240125;101930;1611.2;55;9464025067;S
20240125;101933;1611.2;5;9464025518;S
20240125;101933;1611.2;3;9464025519;S
20240125;101933;1611;90;9464025520;S
20240125;101933;1611;48;9464025530;S
20240125;101934;1611;53;9464025851;S
20240125;101938;1611.2;1;9464026607;B
20240125;101939;1611;2;9464026716;S
20240125;101945;1611.2;2;9464027822;B
20240125;101947;1611;1;9464028234;S
20240125;101949;1611.2;7;9464028653;B
20240125;101949;1611.2;10;9464028654;B
20240125;101950;1611;10;9464028765;S
20240125;101956;1611;43;9464029832;S
20240125;101957;1611.2;3;9464029960;B
20240125;101957;1611.2;7;9464029961;B
20240125;101958;1611;1;9464030403;S
20240125;102001;1611;7;9464030785;S
20240125;102002;1611;13;9464030895;S
20240125;102014;1611.2;50;9464032641;B
20240125;102016;1611.2;3;9464033332;B
20240125;102020;1611;7;9464034282;S
20240125;102021;1611;1;9464034626;S
20240125;102024;1611.2;9;9464035077;B
20240125;102028;1611.2;1;9464035771;B
20240125;102028;1611.2;1;9464035772;B
20240125;102029;1611;13;9464035958;S
20240125;102031;1611.2;1;9464036249;B
20240125;102031;1611.2;2;9464036373;S
20240125;102031;1611.2;22;9464036401;S
20240125;102031;1611.2;60;9464036402;S
20240125;102031;1611.2;39;9464036403;S
20240125;102031;1611;39;9464036404;S
20240125;102034;1611.2;40;9464036783;S
20240125;102036;1611.2;1;9464036990;S
20240125;102042;1611.4;2;9464037892;B
20240125;102042;1611.4;2;9464037893;B
20240125;102044;1611.2;1;9464038069;S
20240125;102046;1611.4;22;9464038406;B
20240125;102047;1611.2;58;9464038617;S
20240125;102047;1611.2;4;9464038618;S
20240125;102047;1611.2;2;9464038619;S
20240125;102047;1611.2;6;9464038620;S
20240125;102059;1611.4;56;9464040488;B
20240125;102059;1611.6;1;9464040489;B
20240125;102059;1611.8;1;9464040490;B
20240125;102059;1612;2;9464040491;B
20240125;102103;1611.8;1;9464040964;S
20240125;102103;1611.8;60;9464040965;S
20240125;102103;1611.6;79;9464040966;S
20240125;102106;1611.8;1;9464041289;B
20240125;102113;1611.6;1;9464042190;S
20240125;102113;1611.2;9;9464042191;S
20240125;102114;1611.8;6;9464042306;B
20240125;102117;1611.8;15;9464042619;B
20240125;102117;1611.2;35;9464042676;S
20240125;102117;1611.2;1;9464042677;S
20240125;102117;1611.2;60;9464042678;S
20240125;102117;1611.2;4;9464042679;S
20240125;102131;1611.4;1;9464044451;S
20240125;102131;1611.8;16;9464044556;S
20240125;102133;1611.6;30;9464044726;S
20240125;102142;1612.2;5;9464045958;S
20240125;102144;1612.2;1;9464046146;S
20240125;102145;1612.2;1;9464046324;S
20240125;102147;1612.4;25;9464046636;B
20240125;102149;1612.4;25;9464046919;B
20240125;102149;1612.8;2;9464046920;B
20240125;102149;1612.8;23;9464046921;B
20240125;102149;1613;2;9464046922;B
20240125;102149;1613;3;9464046923;B
20240125;102149;1613;15;9464046924;B
20240125;102154;1612.8;2;9464047535;S
20240125;102155;1612.8;1;9464047586;S
20240125;102155;1612.8;1;9464047614;S
20240125;102159;1612.8;10;9464048046;S
20240125;102200;1613;30;9464048132;B
20240125;102201;1613;62;9464048279;B
20240125;102202;1612.8;3;9464048389;S
20240125;102206;1613;3;9464048779;B
20240125;102206;1613;1;9464048852;B
20240125;102207;1613;75;9464048974;B
20240125;102207;1613;66;9464048975;B
20240125;102211;1612.8;34;9464049489;S
20240125;102211;1612.4;2;9464049490;S
20240125;102211;1612.2;60;9464049491;S
20240125;102211;1612.2;11;9464049492;S
20240125;102211;1612.2;10;9464049493;S
20240125;102211;1611.8;100;9464049494;S
20240125;102216;1612;1;9464050144;S
20240125;102216;1611.8;1;9464050145;S
20240125;102216;1611.6;3;9464050146;S
20240125;102217;1611.6;23;9464050396;S
20240125;102220;1612.8;2;9464050786;B
20240125;102222;1612;3;9464051091;S
20240125;102234;1612.4;7;9464053218;S
20240125;102234;1612.4;62;9464053219;S
20240125;102234;1612.4;100;9464053220;S
20240125;102234;1612.2;65;9464053221;S
20240125;102234;1612.2;60;9464053222;S
20240125;102234;1612;60;9464053223;S
20240125;102234;1612;1;9464053224;S
20240125;102234;1611.8;12;9464053225;S
20240125;102234;1611.8;50;9464053226;S
20240125;102234;1611.8;50;9464053227;S
20240125;102234;1611.6;107;9464053228;S
20240125;102234;1611.6;20;9464053229;S
20240125;102234;1611.4;3;9464053230;S
20240125;102234;1611.4;4;9464053231;S
20240125;102234;1611.4;198;9464053232;S
20240125;102234;1611.4;50;9464053233;S
20240125;102234;1611.4;62;9464053234;S
20240125;102234;1611.2;10;9464053235;S
20240125;102234;1611.2;500;9464053236;S
20240125;102234;1611.2;500;9464053237;S
20240125;102234;1611.2;23;9464053238;S
20240125;102234;1611;1098;9464053239;S
20240125;102234;1611;4;9464053240;S
20240125;102234;1611;113;9464053241;S
20240125;102234;1611;500;9464053242;S
20240125;102234;1611;200;9464053243;S
20240125;102234;1611;186;9464053244;S
20240125;102234;1611;66;9464053245;S
20240125;102234;1611;1;9464053246;S
20240125;102234;1610.8;1;9464053247;S
20240125;102234;1610.8;30;9464053248;S
20240125;102234;1610.8;2;9464053249;S
20240125;102234;1610.8;2;9464053250;S
20240125;102234;1610.8;20;9464053251;S
20240125;102234;1610.8;1;9464053252;S
20240125;102234;1610.6;5;9464053253;S
20240125;102234;1610.6;20;9464053254;S
20240125;102234;1610.6;5;9464053255;S
20240125;102234;1610.6;5;9464053256;S
20240125;102234;1610.6;5;9464053257;S
20240125;102234;1610.6;1;9464053258;S
20240125;102234;1610.6;2;9464053259;S
20240125;102234;1610.6;2;9464053260;S
20240125;102234;1610.6;14;9464053261;S
20240125;102234;1610.4;1;9464053262;S
20240125;102234;1610.4;15;9464053263;S
20240125;102234;1610.4;5;9464053264;S
20240125;102234;1610.4;5;9464053265;S
20240125;102234;1610.4;5;9464053266;S
20240125;102234;1610.4;2;9464053267;S
20240125;102234;1610.4;2;9464053268;S
20240125;102234;1610.4;20;9464053269;S
20240125;102234;1610.4;1;9464053270;S
20240125;102234;1610.4;180;9464053271;S
20240125;102234;1610.4;20;9464053272;S
20240125;102234;1610.4;10;9464053273;S
20240125;102234;1610.4;50;9464053274;S
20240125;102234;1610.4;5;9464053275;S
20240125;102234;1610.4;100;9464053276;S
20240125;102234;1610.4;1;9464053277;S
20240125;102234;1610.4;50;9464053278;S
20240125;102234;1610.4;1;9464053279;S
20240125;102234;1610.4;2;9464053280;S
20240125;102234;1610.4;5;9464053281;S
20240125;102234;1610.4;3;9464053282;S
20240125;102234;1610.4;100;9464053283;S
20240125;102234;1610.2;18013;9464053284;S
20240125;102234;1610.2;10;9464053285;S
20240125;102234;1610.2;5;9464053286;S
20240125;102234;1610.2;2;9464053287;S
20240125;102234;1610.2;1;9464053288;S
20240125;102234;1610.2;2;9464053289;S
20240125;102234;1610.2;5;9464053290;S
20240125;102234;1610.2;10;9464053291;S
20240125;102234;1610.2;1;9464053292;S
20240125;102234;1610.2;1;9464053293;S
20240125;102234;1610.2;2;9464053294;S
20240125;102234;1610.2;2;9464053295;S
20240125;102234;1610.2;10;9464053296;S
20240125;102234;1610.2;60;9464053297;S
20240125;102234;1610;1;9464053298;S
20240125;102234;1610;1;9464053299;S
20240125;102234;1610;5;9464053300;S
20240125;102234;1610;15;9464053301;S
20240125;102234;1610;1;9464053302;S
20240125;102234;1610;20;9464053303;S
20240125;102234;1610;1;9464053304;S
20240125;102234;1610;30;9464053305;S
20240125;102234;1610;1;9464053306;S
20240125;102234;1610;1;9464053307;S
20240125;102234;1610;1;9464053308;S
20240125;102234;1610;2;9464053309;S
20240125;102234;1610;1;9464053310;S
20240125;102234;1610;300;9464053311;S
20240125;102234;1610;1;9464053312;S
20240125;102234;1610;1;9464053313;S
20240125;102234;1610;7;9464053315;B
20240125;102234;1609.8;2;9464053316;S
20240125;102234;1609.4;2;9464053317;S
20240125;102234;1609.4;16;9464053318;S
20240125;102234;1609.4;46;9464053319;S
20240125;102234;1609.2;14;9464053320;S
20240125;102234;1609.2;62;9464053321;S
20240125;102234;1609;3;9464053322;S
20240125;102234;1609.2;10;9464053323;S
20240125;102234;1609.2;16;9464053324;S
20240125;102234;1609.6;62;9464053328;S
20240125;102234;1609.4;138;9464053329;S
20240125;102235;1609.4;100;9464053334;S
20240125;102235;1609.4;4;9464053335;S
20240125;102235;1609.4;3;9464053337;S
20240125;102235;1609.4;25;9464053338;S
20240125;102235;1609.4;4;9464053339;S
20240125;102235;1609.4;126;9464053340;S
20240125;102235;1609.2;62;9464053341;S
20240125;102235;1609;2;9464053342;S
20240125;102235;1609;100;9464053343;S
20240125;102235;1609;1;9464053344;S
20240125;102235;1609;1;9464053345;S
20240125;102235;1609;62;9464053346;S
20240125;102235;1608.8;2;9464053347;S
20240125;102235;1608.8;186;9464053348;S
20240125;102235;1608.8;2;9464053349;S
20240125;102235;1608.6;456;9464053350;S
20240125;102235;1609.4;21;9464053353;S
20240125;102235;1609.4;100;9464053355;S
20240125;102235;1609.4;8;9464053357;S
20240125;102235;1609.4;62;9464053360;S
20240125;102235;1609.4;39;9464053366;S
20240125;102235;1608.8;62;9464053367;S
20240125;102235;1608.6;10;9464053368;S
20240125;102235;1608.8;3;9464053399;S
20240125;102238;1608.6;14;9464054009;B
20240125;102239;1609;1;9464054144;B
20240125;102240;1608.8;10;9464054288;B
20240125;102241;1608.8;2;9464054480;B
20240125;102244;1608.6;3;9464054913;S
20240125;102244;1608.8;10;9464055029;B
20240125;102246;1608.8;1;9464055334;B
20240125;102247;1608.8;12;9464055359;B
20240125;102248;1608.6;30;9464055463;S
20240125;102251;1608.8;2;9464056017;B
20240125;102253;1608.6;1;9464056338;S
20240125;102254;1608.6;7;9464056465;S
