<DATE>;<TIME>;<LAST>;<VOL>;<ID>;<OPER>
20240216;095955;1615.4;2;9618273687;S
20240216;095955;1615.4;1;9618273688;B
20240216;095955;1615.4;3;9618273689;B
20240216;095955;1615.4;1;9618273690;B
20240216;095955;1615.4;1;9618273691;B
20240216;095955;1615.4;34;9618273692;B
20240216;095955;1615.4;30;9618273693;B
20240216;095955;1615.4;5;9618273694;B
20240216;095955;1615.4;2;9618273695;B
20240216;095955;1615.4;2;9618273696;B
20240216;095955;1615.4;1;9618273697;B
20240216;095955;1615.4;1;9618273698;B
20240216;095955;1615.4;1;9618273699;B
20240216;095955;1615.4;1;9618273700;B
20240216;095955;1615.4;30;9618273701;B
20240216;095955;1615.4;33;9618273702;B
20240216;095955;1615.4;1;9618273703;B
20240216;095955;1615.4;1;9618273704;B
20240216;095955;1615.4;1;9618273705;S
20240216;095955;1615.4;1;9618273706;B
20240216;095955;1615.4;18;9618273707;B
20240216;095955;1615.4;26;9618273708;B
20240216;095955;1615.4;3;9618273709;S
20240216;095955;1615.4;1;9618273710;S
20240216;095955;1615.4;2;9618273711;S
20240216;095955;1615.4;200;9618273712;B
20240216;095955;1615.4;2;9618273713;S
20240216;095955;1615.4;2;9618273714;B
20240216;095955;1615.4;1;9618273715;B
20240216;095955;1615.4;1;9618273716;B
20240216;095955;1615.4;1;9618273717;B
20240216;095955;1615.4;1;9618273718;B
20240216;095955;1615.4;2;9618273719;B
20240216;095955;1615.4;1;9618273720;B
20240216;095955;1615.4;2;9618273721;B
20240216;095955;1615.4;1;9618273722;B
20240216;095955;1615.4;1;9618273723;B
20240216;095955;1615.4;3;9618273724;B
20240216;095955;1615.4;1;9618273725;B
20240216;095955;1615.4;1;9618273726;B
20240216;095955;1615.4;10;9618273727;B
20240216;095955;1615.4;5;9618273728;B
20240216;095955;1615.4;1;9618273729;B
20240216;095955;1615.4;1;9618273730;B
20240216;095955;1615.4;1;9618273731;B
20240216;095955;1615.4;1;9618273732;B
20240216;095955;1615.4;1;9618273733;B
20240216;095955;1615.4;1;9618273734;S
20240216;095955;1615.4;1;9618273735;S
20240216;095955;1615.4;7;9618273736;B
20240216;095955;1615.4;6;9618273737;B
20240216;095955;1615.4;4;9618273738;B
20240216;095955;1615.4;4;9618273739;B
20240216;095955;1615.4;5;9618273740;B
20240216;095955;1615.4;2;9618273741;B
20240216;095955;1615.4;1;9618273742;B
20240216;095955;1615.4;2;9618273743;B
20240216;095955;1615.4;1;9618273744;B
20240216;095955;1615.4;10;9618273745;B
20240216;095955;1615.4;7;9618273746;B
20240216;095955;1615.4;1;9618273747;B
20240216;095955;1615.4;1;9618273748;B
20240216;095955;1615.4;1;9618273749;B
20240216;095955;1615.4;1;9618273750;B
20240216;095955;1615.4;9;9618273751;B
20240216;095955;1615.4;3;9618273752;B
20240216;095955;1615.4;1;9618273753;B
20240216;095955;1615.4;1;9618273754;B
20240216;095955;1615.4;2;9618273755;B
20240216;095955;1615.4;1;9618273756;B
20240216;095955;1615.4;1;9618273757;B
20240216;095955;1615.4;1;9618273758;B
20240216;095955;1615.4;5;9618273759;B
20240216;095955;1615.4;8;9618273760;B
20240216;095955;1615.4;1;9618273761;B
20240216;095955;1615.4;7;9618273762;B
20240216;095955;1615.4;20;9618273763;B
20240216;095955;1615.4;1;9618273764;B
20240216;095955;1615.4;18;9618273765;S
20240216;100000;1615.4;77;9618274927;B
20240216;100000;1615.6;10;9618274928;B
20240216;100001;1616;1;9618275904;B
20240216;100001;1616;1;9618275905;B
20240216;100001;1616;2;9618275906;B
20240216;100001;1616;38;9618275907;B
20240216;100001;1616.4;1;9618275908;B
20240216;100001;1616.8;1;9618275980;B
20240216;100001;1616.8;1;9618275981;B
20240216;100001;1617;20;9618275982;B
20240216;100001;1617;3;9618275983;B
20240216;100001;1617;11;9618275984;B
20240216;100001;1617.2;5;9618275985;B
20240216;100001;1617.2;1;9618275986;B
20240216;100001;1617.2;108;9618275987;B
20240216;100001;1617.2;78;9618276023;B
20240216;100001;1617.4;38;9618276092;B
20240216;100001;1617.2;100;9618276303;S
20240216;100001;1617.4;11;9618276513;B
20240216;100001;1617.4;179;9618276514;B
20240216;100001;1617.4;2;9618276561;B
20240216;100001;1617.4;5;9618276592;B
20240216;100001;1617.4;40;9618276693;B
20240216;100001;1617.2;35;9618276732;S
20240216;100001;1617;1;9618276799;B
20240216;100002;1617;4;9618276856;B
20240216;100002;1617;1;9618276857;B
20240216;100002;1617;1;9618276964;B
20240216;100002;1617.2;81;9618276965;B
20240216;100002;1617.2;93;9618276977;B
20240216;100002;1617.6;1;9618277510;B
20240216;100005;1617.6;1;9618278372;B
20240216;100005;1617.4;1;9618278495;S
20240216;100005;1617.6;1;9618278557;B
20240216;100005;1617.6;9;9618278558;B
20240216;100005;1617.6;1;9618278898;B
20240216;100005;1617.4;1;9618278899;S
20240216;100005;1617.6;1;9618279311;B
20240216;100005;1617.6;1;9618279511;B
20240216;100006;1617.4;1;9618280136;S
20240216;100006;1617.6;1;9618280409;B
20240216;100006;1617.6;3;9618280486;B
20240216;100006;1617.6;34;9618280511;B
20240216;100006;1617.6;3;9618280512;B
20240216;100006;1617.6;3;9618280513;B
20240216;100006;1618;2;9618280715;B
20240216;100006;1618;1;9618280853;B
20240216;100006;1618;24;9618280854;B
20240216;100006;1618;1;9618280858;B
20240216;100006;1618;1;9618280861;B
20240216;100006;1618;34;9618280938;B
20240216;100006;1618;40;9618281091;B
20240216;100006;1618;20;9618281092;B
20240216;100006;1618;94;9618281093;B
20240216;100006;1618;130;9618281094;B
20240216;100007;1618;1;9618281194;B
20240216;100007;1618;2;9618281195;B
20240216;100007;1618;2;9618281196;B
20240216;100007;1617.8;1;9618281234;S
20240216;100007;1618;1;9618281379;B
20240216;100007;1618;2;9618281832;B
20240216;100007;1617.8;1;9618281889;S
20240216;100008;1618;1;9618282173;B
20240216;100008;1618;1;9618282174;B
20240216;100008;1617.8;61;9618282274;S
20240216;100008;1618;1;9618282509;B
20240216;100009;1616.2;2;9618282614;S
20240216;100009;1616.4;4;9618282659;S
20240216;100009;1616.2;1;9618282660;S
20240216;100010;1617.8;39;9618282890;S
20240216;100010;1617.6;8;9618283060;B
20240216;100010;1616.6;12;9618283161;S
20240216;100010;1616.6;8;9618283236;S
20240216;100010;1616.4;2;9618283237;S
20240216;100011;1616.2;1;9618283508;S
20240216;100011;1617.6;31;9618283657;B
20240216;100011;1617.6;20;9618283666;B
20240216;100011;1617.8;2;9618283667;B
20240216;100011;1617.8;4;9618283685;B
20240216;100011;1617.8;1;9618283726;B
20240216;100011;1617.8;2;9618283753;B
20240216;100011;1617.8;10;9618283800;B
20240216;100011;1618;2;9618283801;B
20240216;100011;1618;1;9618283802;B
20240216;100011;1618.2;26;9618283803;B
20240216;100011;1617.6;1;9618283851;B
20240216;100012;1618.2;3;9618283903;B
20240216;100012;1618.2;4;9618283907;B
20240216;100012;1618.2;4;9618283911;B
20240216;100012;1618.2;4;9618283914;B
20240216;100012;1618.2;4;9618283925;B
20240216;100012;1617.4;4;9618283927;B
20240216;100012;1617.4;11;9618283933;B
20240216;100012;1618.2;55;9618283934;B
20240216;100012;1618.2;5;9618283935;B
20240216;100012;1618.2;5;9618283936;B
20240216;100012;1618.2;5;9618283937;B
20240216;100012;1618.2;5;9618283938;B
20240216;100012;1618.2;5;9618283939;B
20240216;100012;1618.2;5;9618283940;B
20240216;100012;1618.2;4;9618283941;B
20240216;100012;1618.2;10;9618283944;B
20240216;100012;1618;57;9618284155;S
20240216;100013;1618.2;3;9618284322;B
20240216;100013;1618.2;9;9618284323;B
20240216;100017;1617.8;2;9618285024;B
20240216;100017;1616.4;13;9618285048;S
20240216;100017;1616.4;7;9618285051;S
20240216;100017;1616.4;15;9618285052;S
20240216;100017;1616.4;22;9618285056;S
20240216;100017;1616.4;6;9618285063;S
20240216;100017;1616.4;6;9618285064;S
20240216;100017;1616.4;6;9618285066;S
20240216;100017;1616.4;13;9618285068;S
20240216;100017;1617.8;46;9618285088;B
20240216;100017;1616.4;7;9618285129;S
20240216;100017;1616.4;14;9618285130;S
20240216;100017;1616.4;1;9618285131;S
20240216;100017;1615.6;13;9618285176;S
20240216;100018;1616;13;9618285252;S
20240216;100018;1616;6;9618285266;S
20240216;100018;1616;6;9618285267;S
20240216;100018;1616;6;9618285276;S
20240216;100022;1617.4;2;9618286075;B
20240216;100022;1617.4;18;9618286160;B
20240216;100022;1617.8;2;9618286161;B
20240216;100022;1618;50;9618286162;B
20240216;100022;1618;5;9618286163;B
20240216;100022;1618.2;1;9618286164;B
20240216;100022;1618.2;2;9618286165;B
20240216;100022;1618.2;92;9618286166;B
20240216;100022;1618.2;180;9618286167;B
20240216;100029;1618.4;1;9618287385;B
20240216;100029;1618.4;35;9618287423;B
20240216;100030;1618.4;1;9618287480;B
20240216;100030;1618.4;1;9618287507;B
20240216;100030;1617.2;7;9618287602;S
20240216;100031;1618.4;6;9618287699;B
20240216;100031;1617.2;2;9618287711;S
20240216;100033;1618.4;1;9618288227;B
20240216;100035;1618.4;55;9618288731;B
20240216;100035;1618.4;7;9618288732;B
20240216;100036;1617.2;177;9618288765;S
20240216;100036;1617.2;23;9618288766;S
20240216;100036;1618.4;15;9618288803;B
20240216;100036;1618.4;3;9618288833;B
20240216;100038;1618.4;1;9618289281;B
20240216;100040;1617.8;100;9618289626;B
20240216;100040;1617.8;3;9618289682;B
20240216;100041;1617.8;4;9618289753;B
20240216;100043;1617.8;1;9618290296;B
20240216;100044;1617.8;200;9618290411;B
20240216;100044;1617.8;1;9618290546;B
20240216;100045;1617.8;7;9618290601;B
20240216;100045;1617.8;2;9618290605;B
20240216;100046;1617.8;32;9618290874;B
20240216;100046;1618;1;9618290875;B
20240216;100046;1618.4;34;9618290876;B
20240216;100046;1618.4;1;9618290877;B
20240216;100046;1618.4;1;9618290878;B
20240216;100046;1618.4;20;9618290879;B
20240216;100046;1618.4;3;9618290880;B
20240216;100046;1618.6;8;9618290881;B
20240216;100047;1617.4;10;9618291105;S
20240216;100048;1618;1;9618291253;B
20240216;100048;1618.6;29;9618291254;B
20240216;100048;1618.4;6;9618291531;B
20240216;100049;1618.4;1;9618291824;B
20240216;100049;1617.8;1;9618291832;S
20240216;100050;1617.8;12;9618291967;S
20240216;100050;1617.8;3;9618292037;S
20240216;100051;1617.8;1;9618292247;S
20240216;100053;1618.4;31;9618292621;B
20240216;100054;1618.4;20;9618292840;B
20240216;100055;1618.4;1;9618292900;B
20240216;100055;1618.4;43;9618293006;B
20240216;100055;1617.8;1;9618293045;S
20240216;100056;1617.8;2;9618293209;S
20240216;100057;1618.2;32;9618293333;B
20240216;100059;1617.8;3;9618293870;S
20240216;100059;1617.8;17;9618293871;S
20240216;100059;1617.8;4;9618293872;S
20240216;100059;1617.6;176;9618293873;S
20240216;100059;1617.8;1;9618293999;S
20240216;100101;1618;4;9618294425;B
20240216;100101;1618.2;154;9618294426;B
20240216;100101;1618.2;1;9618294439;S
20240216;100102;1618.2;13;9618294478;S
20240216;100102;1618.4;1;9618294511;B
20240216;100102;1618.4;100;9618294594;B
20240216;100102;1618.2;1;9618294607;S
20240216;100103;1618.2;7;9618294647;S
20240216;100103;1618;16;9618294648;S
20240216;100103;1617.8;13;9618294649;S
20240216;100103;1617.8;9;9618294650;S
20240216;100105;1618.2;1;9618295171;B
20240216;100107;1618.2;1;9618295520;B
20240216;100107;1618.2;5;9618295521;B
20240216;100109;1618;84;9618295895;B
20240216;100112;1618;19;9618296434;S
20240216;100112;1618;31;9618296435;S
20240216;100113;1618;5;9618296531;S
20240216;100113;1617.8;95;9618296532;S
20240216;100116;1618.2;1;9618297008;B
20240216;100116;1618.2;3;9618297023;B
20240216;100116;1618.2;1;9618297104;B
20240216;100116;1618.2;1;9618297105;B
20240216;100116;1618.2;10;9618297119;B
20240216;100117;1617.8;3;9618297227;S
20240216;100119;1618.2;1;9618297425;B
20240216;100120;1618.2;1;9618297589;B
20240216;100123;1617.8;3;9618297919;S
20240216;100125;1618;2;9618298165;B
20240216;100125;1618;2;9618298166;B
20240216;100126;1618;1;9618298494;B
20240216;100126;1617.8;3;9618298500;S
20240216;100127;1617.8;9;9618298532;S
20240216;100127;1617.8;18;9618298533;S
20240216;100127;1617.8;2;9618298534;S
20240216;100127;1617.2;14;9618298535;S
20240216;100127;1617.2;16;9618298591;S
20240216;100131;1617.2;5;9618299085;S
20240216;100132;1617.8;2;9618299195;B
20240216;100133;1617.8;3;9618299433;B
20240216;100135;1617.8;3;9618299747;B
20240216;100135;1617.8;1;9618299813;B
20240216;100137;1617.2;3;9618300028;S
20240216;100137;1617.2;15;9618300045;S
20240216;100137;1617.2;15;9618300046;S
20240216;100140;1617.4;50;9618300781;S
20240216;100142;1617.4;15;9618300978;S
20240216;100142;1617.6;1;9618301008;B
20240216;100144;1617.4;1;9618301327;S
20240216;100145;1617.4;10;9618301474;S
20240216;100145;1617.6;8;9618301512;B
20240216;100154;1617.6;5;9618303094;S
20240216;100156;1617.6;49;9618303399;S
20240216;100156;1617.4;26;9618303400;S
20240216;100157;1617.4;1;9618303525;B
20240216;100158;1617.4;1;9618303626;B
20240216;100158;1617.4;1;9618303676;B
20240216;100159;1617.4;2;9618303761;B
20240216;100200;1617.2;1;9618303996;S
20240216;100203;1617.2;1;9618304308;S
20240216;100203;1617;2;9618304309;S
20240216;100203;1617;9;9618304310;S
20240216;100203;1617;60;9618304311;S
20240216;100203;1616.8;23;9618304312;S
20240216;100203;1617;1;9618304394;S
20240216;100204;1616.4;62;9618304604;S
20240216;100204;1616.4;60;9618304605;S
20240216;100204;1616.4;60;9618304606;S
20240216;100204;1616.2;118;9618304607;S
20240216;100206;1617.4;1;9618304882;B
20240216;100206;1617.4;7;9618304939;B
20240216;100207;1617.4;2;9618305041;B
20240216;100208;1616.8;3;9618305148;S
20240216;100210;1616.8;2;9618305408;S
20240216;100211;1617.4;3;9618305472;B
20240216;100214;1617.2;1;9618305969;B
20240216;100214;1617.4;4;9618305970;B
20240216;100216;1616.8;22;9618306281;B
20240216;100216;1617;27;9618306282;B
20240216;100216;1617.4;3;9618306283;B
20240216;100216;1617.6;1;9618306284;B
20240216;100216;1617.6;71;9618306285;B
20240216;100217;1617.4;1;9618306461;B
20240216;100221;1617.4;1;9618307263;B
20240216;100221;1617.6;17;9618307264;B
20240216;100222;1617.4;19;9618307333;S
20240216;100224;1617.8;1;9618307574;B
20240216;100224;1617.2;10;9618307625;S
20240216;100227;1617.8;4;9618308053;B
20240216;100228;1617.4;5;9618308111;S
20240216;100228;1617.8;1;9618308162;B
20240216;100229;1617.8;100;9618308189;B
20240216;100229;1617.8;1;9618308236;B
20240216;100231;1617.4;18;9618308726;S
20240216;100232;1617.8;25;9618308784;B
20240216;100232;1617.6;100;9618308799;S
20240216;100232;1617.8;1;9618308847;B
20240216;100233;1617.6;1;9618308877;S
20240216;100233;1617.6;5;9618308910;B
20240216;100235;1617.4;20;9618309164;S
20240216;100236;1617.6;5;9618309282;S
20240216;100239;1617.8;20;9618309672;B
20240216;100239;1617.6;16;9618309721;S
20240216;100240;1617.8;47;9618309789;B
20240216;100240;1617.8;10;9618309790;B
20240216;100240;1617.8;243;9618309791;B
20240216;100240;1617.6;1;9618309809;S
20240216;100242;1617.6;5;9618310190;S
20240216;100244;1617.8;7;9618310381;B
20240216;100246;1617.6;5;9618310620;S
20240216;100250;1617.8;12;9618311070;B
20240216;100250;1617.8;10;9618311073;B
20240216;100251;1617.6;1;9618311166;S
20240216;100253;1617.6;2;9618311439;S
20240216;100253;1617.6;48;9618311440;S
20240216;100253;1617.8;10;9618311480;B
20240216;100254;1617.6;100;9618311503;S
20240216;100254;1617.6;11;9618311542;S
20240216;100255;1617.8;1;9618311603;B
20240216;100255;1617.8;5;9618311604;B
20240216;100255;1617.8;1;9618311617;B
20240216;100258;1617.8;3;9618312084;B
20240216;100300;1617.6;1;9618312281;S
20240216;100300;1617.6;1;9618312302;S
20240216;100300;1617.8;8;9618312340;B
20240216;100300;1617.8;192;9618312341;B
20240216;100302;1617.8;4;9618312707;B
20240216;100303;1617.6;1;9618312845;S
20240216;100303;1617.8;34;9618312847;B
20240216;100304;1617.6;10;9618312972;S
20240216;100304;1617.6;2;9618313057;S
20240216;100304;1617.4;10;9618313102;B
20240216;100306;1617.6;1;9618313362;B
20240216;100307;1617.2;60;9618313537;S
20240216;100307;1617.2;60;9618313538;S
20240216;100307;1617.2;290;9618313594;S
20240216;100307;1617.2;145;9618313617;S
20240216;100308;1617.2;72;9618313744;S
20240216;100309;1617.4;1;9618313779;B
20240216;100310;1617.6;4;9618313988;B
20240216;100310;1617.6;1;9618313990;B
20240216;100311;1617.6;1;9618314204;B
20240216;100312;1617.4;3;9618314396;B
20240216;100312;1617.6;24;9618314397;B
20240216;100313;1617;99;9618314459;S
20240216;100313;1617;22;9618314460;S
20240216;100314;1617.2;2;9618314791;S
20240216;100315;1617.2;8;9618314903;S
20240216;100315;1617;4;9618314904;S
20240216;100316;1617;15;9618314984;S
20240216;100316;1617.4;7;9618315091;B
20240216;100317;1617;1;9618315196;S
20240216;100319;1617.2;1;9618315513;B
20240216;100322;1617;6;9618316137;B
20240216;100325;1617;19;9618316514;B
20240216;100325;1617.2;9;9618316515;B
20240216;100326;1616.6;26;9618316619;S
20240216;100326;1616.6;10;9618316620;S
20240216;100326;1616.4;27;9618316621;S
20240216;100326;1616.4;60;9618316622;S
20240216;100326;1616.2;1;9618316623;S
20240216;100326;1616.2;5;9618316624;S
20240216;100326;1616.2;18;9618316625;S
20240216;100326;1616.2;53;9618316626;S
20240216;100328;1617.2;9;9618316877;B
20240216;100329;1617.4;1;9618316933;B
20240216;100330;1617.4;2;9618317110;B
20240216;100330;1617.4;2;9618317204;B
20240216;100332;1617.2;30;9618317306;S
20240216;100332;1617;1;9618317307;S
20240216;100332;1616.8;18;9618317308;S
20240216;100332;1616.6;13;9618317309;S
20240216;100332;1616.4;93;9618317310;S
20240216;100332;1616.4;60;9618317311;S
20240216;100332;1616.2;17;9618317312;S
20240216;100332;1616;5;9618317313;S
20240216;100332;1615.8;70;9618317314;S
20240216;100332;1615.8;90;9618317315;S
20240216;100332;1616.6;18;9618317325;B
20240216;100332;1616.8;27;9618317326;B
20240216;100332;1616.8;17;9618317327;B
20240216;100334;1616.6;5;9618317600;B
20240216;100335;1616.4;17;9618317640;S
20240216;100335;1616.4;7;9618317641;S
20240216;100335;1616.2;27;9618317642;S
20240216;100335;1616.2;60;9618317643;S
20240216;100335;1616.2;39;9618317644;S
20240216;100335;1616.6;35;9618317664;B
20240216;100335;1616.6;30;9618317665;B
20240216;100337;1616.6;1;9618317957;B
20240216;100337;1616.6;1;9618317967;B
20240216;100337;1616.2;1;9618317972;S
20240216;100343;1616.6;18;9618318964;B
20240216;100343;1616.6;17;9618318965;B
20240216;100343;1616.8;25;9618318966;B
20240216;100344;1616.8;1;9618319018;B
20240216;100345;1616.8;160;9618319205;B
20240216;100345;1616.8;22;9618319206;B
20240216;100345;1616.8;1;9618319207;B
20240216;100345;1616.8;8;9618319208;B
20240216;100345;1617;10;9618319209;B
20240216;100345;1617;100;9618319210;B
20240216;100345;1617;699;9618319211;B
20240216;100348;1616.2;1;9618319569;S
20240216;100349;1617;2;9618319734;B
20240216;100350;1617;3;9618319856;B
20240216;100353;1617;1;9618320237;B
20240216;100356;1617;3;9618320499;B
20240216;100356;1617;5;9618320515;B
20240216;100356;1617;18;9618320526;B
20240216;100356;1617;1;9618320550;B
20240216;100358;1617;2;9618320847;B
20240216;100400;1617;1;9618321108;B
20240216;100402;1616.6;1;9618321399;S
20240216;100404;1616.8;1;9618321579;B
20240216;100405;1616.6;1;9618321730;S
20240216;100408;1616.6;17;9618322154;B
20240216;100408;1616.8;185;9618322155;B
20240216;100408;1616.8;62;9618322156;B
20240216;100408;1617;22;9618322157;B
20240216;100409;1616.4;3;9618322347;S
20240216;100409;1616.2;21;9618322348;S
20240216;100409;1616.2;10;9618322349;S
20240216;100409;1616.2;17;9618322350;S
20240216;100409;1616.2;3;9618322351;S
20240216;100409;1616;2;9618322352;S
20240216;100409;1616;2;9618322353;S
20240216;100409;1616;87;9618322354;S
20240216;100409;1615.8;5;9618322355;S
20240216;100410;1616.4;22;9618322382;B
20240216;100410;1616.4;78;9618322383;B
20240216;100410;1616.6;3;9618322386;B
20240216;100411;1615.8;1;9618322530;S
20240216;100411;1615.8;22;9618322531;S
20240216;100411;1615.6;3;9618322532;S
20240216;100411;1615.6;55;9618322533;S
20240216;100411;1615.6;68;9618322534;S
20240216;100416;1616.2;6;9618323368;B
20240216;100416;1616.2;18;9618323374;B
20240216;100417;1615.6;1;9618323537;S
20240216;100425;1616;1;9618324983;S
20240216;100425;1616;18;9618324984;S
20240216;100426;1616;25;9618325013;S
20240216;100434;1616;1;9618326259;S
20240216;100434;1615.8;9;9618326260;S
20240216;100435;1616.2;1;9618326376;B
20240216;100435;1616.2;7;9618326377;B
20240216;100435;1616.2;15;9618326378;B
20240216;100435;1616.4;27;9618326379;B
20240216;100435;1616.4;22;9618326380;B
20240216;100435;1616.6;1;9618326381;B
20240216;100435;1616.6;10;9618326382;B
20240216;100435;1616.6;1;9618326383;B
20240216;100435;1616.8;98;9618326384;B
20240216;100439;1617;6;9618327000;B
20240216;100446;1616.2;22;9618327915;S
20240216;100446;1616.2;20;9618327916;S
20240216;100446;1616.2;13;9618327917;S
20240216;100448;1616.8;5;9618328288;B
20240216;100452;1616.8;15;9618328999;B
20240216;100454;1617;4;9618329416;B
20240216;100455;1617;1;9618329689;B
20240216;100459;1616.8;2;9618330136;S
20240216;100502;1617;1;9618330636;B
20240216;100502;1616.8;1;9618330687;S
20240216;100503;1617;1;9618330849;B
20240216;100504;1617;1;9618331028;B
20240216;100505;1616.8;1;9618331127;S
20240216;100507;1617;229;9618331432;B
20240216;100507;1617;20;9618331433;B
20240216;100507;1617;1;9618331434;B
20240216;100507;1617;65;9618331435;B
20240216;100507;1617;226;9618331436;B
20240216;100507;1617;1;9618331437;B
20240216;100507;1617;30;9618331438;B
20240216;100507;1616.8;10;9618331562;S
20240216;100507;1617;4;9618331568;B
20240216;100508;1617;5;9618331821;B
20240216;100509;1617;261;9618331956;B
20240216;100509;1617;22;9618331957;B
20240216;100509;1617;44;9618331958;B
20240216;100509;1617;20;9618331959;B
20240216;100509;1617.2;1;9618331976;B
20240216;100511;1617.2;3;9618332282;B
20240216;100513;1617;79;9618332514;S
20240216;100516;1617.2;1;9618333288;B
20240216;100518;1617;1;9618333508;S
20240216;100520;1617.2;1;9618333854;B
20240216;100520;1617.2;8;9618333861;B
20240216;100522;1617.2;2;9618334218;B
20240216;100522;1617.2;1;9618334219;B
20240216;100523;1617;1000;9618334424;S
20240216;100523;1617.2;1;9618334435;B
20240216;100524;1617;1;9618334494;S
20240216;100525;1617;30;9618334775;S
20240216;100528;1617;25;9618335203;S
20240216;100529;1617;1;9618335318;S
20240216;100530;1617;768;9618335412;S
20240216;100530;1617;2;9618335413;S
20240216;100530;1617;9;9618335414;S
20240216;100530;1617;1;9618335415;S
20240216;100530;1617;33;9618335416;S
20240216;100531;1616.8;1;9618335562;S
20240216;100531;1616.8;1;9618335617;S
20240216;100531;1617;5;9618335645;B
20240216;100532;1616.8;1;9618335737;S
20240216;100534;1617;1;9618336070;B
20240216;100536;1617;10;9618336295;B
20240216;100537;1617;67;9618336446;B
20240216;100538;1616.8;10;9618336637;S
20240216;100540;1616.8;23;9618336769;S
20240216;100540;1616.8;25;9618336770;S
20240216;100540;1616.8;102;9618336771;S
20240216;100541;1617;1;9618336866;B
20240216;100542;1616.8;25;9618337025;S
20240216;100543;1616.8;1;9618337164;S
20240216;100551;1617;4;9618338279;B
20240216;100552;1617;1;9618338339;B
20240216;100552;1616.8;5;9618338340;S
20240216;100552;1616.8;1;9618338404;S
20240216;100554;1616.8;10;9618338675;S
20240216;100554;1617;2;9618338683;B
20240216;100556;1617;28;9618338834;B
20240216;100558;1617;1;9618339097;B
20240216;100558;1617;6;9618339121;B
20240216;100558;1617;1;9618339128;B
20240216;100558;1617;10;9618339136;B
20240216;100559;1617;1;9618339277;B
20240216;100600;1617;2;9618339323;B
20240216;100600;1617;35;9618339353;B
20240216;100600;1617;12;9618339424;B
20240216;100600;1617;26;9618339425;B
20240216;100600;1617;60;9618339426;B
20240216;100600;1617;60;9618339427;B
20240216;100600;1617;1;9618339428;B
20240216;100601;1617;1;9618339538;S
20240216;100603;1617;1;9618339760;S
20240216;100603;1617;1;9618339807;S
20240216;100603;1617;1;9618339812;S
20240216;100603;1617;1;9618339815;S
20240216;100603;1617;1;9618339816;S
20240216;100603;1617;1;9618339820;S
20240216;100603;1617;1;9618339824;S
20240216;100603;1617;1;9618339825;S
20240216;100603;1617;1;9618339832;S
20240216;100603;1617;1;9618339834;S
20240216;100603;1617;1;9618339844;S
20240216;100603;1617;1;9618339854;S
20240216;100603;1617;1;9618339864;S
20240216;100604;1617;1;9618339897;S
20240216;100604;1617;1;9618339962;S
20240216;100605;1617.2;2;9618340117;B
20240216;100605;1617;1;9618340174;S
20240216;100606;1617;1;9618340266;S
20240216;100606;1617.2;10;9618340341;B
20240216;100607;1617;24;9618340487;S
20240216;100609;1617.2;1;9618340630;B
20240216;100609;1617;70;9618340669;S
20240216;100612;1617;4;9618341062;S
20240216;100612;1617;6;9618341063;S
20240216;100612;1616.8;3;9618341064;S
20240216;100612;1616.8;1;9618341065;S
20240216;100612;1616.8;2;9618341066;S
20240216;100612;1616.6;26;9618341067;S
20240216;100612;1616.4;13;9618341068;S
20240216;100613;1616.6;10;9618341409;B
20240216;100614;1616.6;20;9618341458;B
20240216;100614;1616.6;84;9618341516;B
20240216;100615;1616.2;27;9618341582;S
20240216;100615;1616.2;9;9618341583;S
20240216;100615;1616;3;9618341584;S
20240216;100615;1616;21;9618341585;S
20240216;100615;1616;19;9618341589;S
20240216;100615;1616;43;9618341609;S
20240216;100615;1616;1;9618341610;S
20240216;100615;1615.8;1;9618341611;S
20240216;100615;1615.8;5;9618341612;S
20240216;100617;1615.8;13;9618341946;B
20240216;100617;1615.6;1;9618342000;S
20240216;100617;1615.8;1;9618342028;B
20240216;100620;1615.8;2;9618342548;B
20240216;100623;1615.8;3;9618342834;B
20240216;100623;1616.4;22;9618342835;B
20240216;100623;1616.4;26;9618342836;B
20240216;100623;1616.6;60;9618342837;B
20240216;100623;1616.8;27;9618342838;B
20240216;100623;1617;211;9618342839;B
20240216;100623;1617;32;9618342840;B
20240216;100631;1616.6;5;9618344229;B
20240216;100631;1616.6;15;9618344230;B
20240216;100631;1616.2;1;9618344232;S
20240216;100636;1616.6;1;9618345119;B
20240216;100636;1616.6;4;9618345120;B
20240216;100640;1616.6;1;9618345656;B
20240216;100642;1616.6;5;9618346198;B
20240216;100643;1616.2;3;9618346447;S
20240216;100643;1616.2;2;9618346455;S
20240216;100646;1617;1;9618347068;B
20240216;100646;1617;4;9618347069;B
20240216;100648;1617;10;9618347589;B
20240216;100653;1616.2;16;9618348280;S
20240216;100653;1616.2;10;9618348281;S
20240216;100653;1616.2;20;9618348282;S
20240216;100653;1616.2;2;9618348283;S
20240216;100653;1616;27;9618348284;S
20240216;100653;1616;25;9618348285;S
20240216;100655;1616;12;9618348499;S
20240216;100655;1616;1;9618348500;S
20240216;100655;1616;7;9618348501;S
20240216;100657;1616;3;9618348716;S
20240216;100657;1616;5;9618348717;S
20240216;100657;1616;2;9618348718;S
20240216;100657;1616.6;1;9618348735;B
20240216;100658;1616.6;1;9618348807;B
20240216;100659;1616.6;1;9618348901;B
20240216;100700;1616.2;24;9618349323;S
20240216;100701;1616.2;1;9618349373;B
20240216;100701;1616.6;1;9618349374;B
20240216;100704;1616.6;16;9618349875;B
20240216;100704;1616.8;4;9618349876;B
20240216;100710;1616.2;20;9618350581;S
20240216;100710;1616.2;4;9618350582;S
20240216;100710;1616;12;9618350583;S
20240216;100710;1616;14;9618350584;S
20240216;100716;1616;10;9618351406;S
20240216;100716;1616;2;9618351407;S
20240216;100718;1616.4;10;9618351691;B
20240216;100718;1616.6;20;9618351692;B
20240216;100718;1616.6;23;9618351693;B
20240216;100718;1616.8;22;9618351694;B
20240216;100718;1616.8;10;9618351695;B
20240216;100718;1617;86;9618351696;B
20240216;100718;1617;1;9618351697;B
20240216;100718;1617;10;9618351698;B
20240216;100718;1617;3;9618351699;B
20240216;100718;1617;5;9618351700;B
20240216;100718;1617;1;9618351701;B
20240216;100718;1617;15;9618351702;B
20240216;100718;1617;10;9618351703;B
20240216;100718;1617;62;9618351704;B
20240216;100718;1617;27;9618351705;B
20240216;100718;1617;60;9618351706;B
20240216;100724;1617.2;1;9618352430;B
20240216;100724;1617;5;9618352499;S
20240216;100724;1617;7;9618352519;S
20240216;100725;1617.2;1;9618352640;B
20240216;100725;1617;30;9618352686;S
20240216;100725;1617.2;1;9618352697;B
20240216;100727;1617.2;4;9618352932;B
20240216;100728;1617;20;9618352955;S
20240216;100730;1617.2;1;9618353424;B
20240216;100731;1617.2;2;9618353556;B
20240216;100731;1617.2;1;9618353569;B
20240216;100734;1617.2;1;9618353967;B
20240216;100735;1617;20;9618354220;S
20240216;100735;1617.2;1;9618354222;B
20240216;100736;1617.2;1;9618354232;B
20240216;100736;1617.2;4;9618354252;B
20240216;100738;1617.2;24;9618354688;B
20240216;100738;1617.2;1;9618354689;B
20240216;100738;1617.2;30;9618354690;B
20240216;100738;1617.2;60;9618354691;B
20240216;100738;1617.2;10;9618354692;B
20240216;100738;1617.2;50;9618354693;B
20240216;100738;1617.2;100;9618354694;B
20240216;100738;1617.2;23;9618354695;B
20240216;100738;1617.2;60;9618354696;B
20240216;100738;1617.2;30;9618354697;B
20240216;100738;1617.2;1;9618354698;B
20240216;100738;1617.2;60;9618354699;B
20240216;100738;1617.2;186;9618354700;B
20240216;100739;1617.4;23;9618354740;B
20240216;100740;1617.2;100;9618354855;S
20240216;100741;1617.2;5;9618355163;S
20240216;100741;1617.4;1;9618355174;B
20240216;100743;1617.4;10;9618355529;B
20240216;100743;1617.2;3;9618355607;S
20240216;100744;1617.2;105;9618355655;S
20240216;100744;1617.2;17;9618355687;S
20240216;100745;1617.4;1;9618355793;B
20240216;100745;1617.2;135;9618355800;S
20240216;100745;1617.2;3;9618355801;S
20240216;100745;1617;53;9618355802;S
20240216;100745;1617;23;9618355803;S
20240216;100745;1616.8;1;9618355804;S
20240216;100745;1616.8;58;9618355805;S
20240216;100745;1616.8;1;9618355853;S
20240216;100745;1616.6;19;9618355854;S
20240216;100746;1617.4;414;9618355912;B
20240216;100746;1617.4;10;9618355913;B
20240216;100746;1617.4;2;9618355914;B
20240216;100746;1617.4;1;9618355915;B
20240216;100746;1617.4;100;9618355916;B
20240216;100746;1617.4;60;9618355917;B
20240216;100746;1617.4;1;9618355918;B
20240216;100746;1617.4;60;9618355919;B
20240216;100746;1617.4;23;9618355920;B
20240216;100746;1617.4;22;9618355921;B
20240216;100746;1617.6;10;9618355922;B
20240216;100746;1617.6;1;9618355923;B
20240216;100746;1617.6;100;9618355924;B
20240216;100746;1617.6;63;9618355925;B
20240216;100746;1617.6;30;9618355926;B
20240216;100746;1617.6;96;9618355927;B
20240216;100746;1617.6;7;9618355928;B
20240216;100749;1617;2;9618356282;B
20240216;100749;1617;8;9618356341;B
20240216;100749;1617.4;22;9618356342;B
20240216;100754;1617;1;9618356969;B
20240216;100755;1617;3;9618357073;B
20240216;100756;1617.2;7;9618357212;B
20240216;100757;1617.2;14;9618357333;B
20240216;100800;1617;1;9618357588;S
20240216;100801;1617;1;9618357757;S
20240216;100802;1617.2;8;9618357820;B
20240216;100805;1617.2;5;9618358309;B
20240216;100806;1617;3;9618358490;S
20240216;100808;1617.2;1;9618358724;B
20240216;100808;1617.2;1;9618358743;B
20240216;100808;1617.2;1;9618358748;B
20240216;100810;1617.2;6;9618358889;B
20240216;100810;1617;2;9618358893;S
20240216;100811;1617.2;17;9618359062;B
20240216;100811;1617.4;5;9618359063;B
20240216;100811;1617.4;1;9618359064;B
20240216;100811;1617.6;13;9618359065;B
20240216;100811;1617.6;5;9618359066;B
20240216;100811;1617.6;23;9618359067;B
20240216;100811;1617.8;270;9618359068;B
20240216;100811;1617.8;1;9618359069;B
20240216;100811;1617.8;10;9618359070;B
20240216;100811;1617.8;273;9618359071;B
20240216;100813;1617.4;186;9618359321;S
20240216;100813;1617.4;14;9618359322;S
20240216;100813;1617.8;50;9618359331;B
20240216;100815;1617.8;1;9618359604;B
20240216;100815;1617.8;176;9618359665;B
20240216;100815;1617.8;2;9618359666;B
20240216;100815;1617.8;2;9618359667;B
20240216;100815;1617.8;5;9618359668;B
20240216;100815;1617.8;15;9618359669;B
20240216;100817;1617.6;100;9618359835;S
20240216;100817;1617.4;23;9618359836;S
20240216;100817;1617.2;5;9618359837;S
20240216;100817;1617.8;7;9618359854;B
20240216;100817;1617.8;50;9618359855;B
20240216;100820;1618;1;9618360247;B
20240216;100820;1617.4;3;9618360418;S
20240216;100821;1617.4;1;9618360495;S
20240216;100822;1617.8;2;9618360646;S
20240216;100824;1617.4;65;9618360923;S
20240216;100824;1617.6;1;9618360943;S
20240216;100824;1617.4;14;9618360944;S
20240216;100826;1617.4;1;9618361105;S
20240216;100826;1617.8;8;9618361126;B
20240216;100826;1617.8;1;9618361127;B
20240216;100826;1618;20;9618361128;B
20240216;100826;1618;2;9618361129;B
20240216;100826;1618;3;9618361130;B
20240216;100826;1618;1;9618361131;B
20240216;100826;1618;5;9618361132;B
20240216;100826;1618;10;9618361133;B
20240216;100831;1617.6;3;9618361861;B
20240216;100832;1617.6;1;9618362015;B
20240216;100835;1617.6;1;9618362445;B
20240216;100836;1617.6;1;9618362512;B
20240216;100837;1617.6;2;9618362693;B
20240216;100839;1617.6;1;9618362927;B
20240216;100840;1617.6;2;9618363271;B
20240216;100842;1617.6;2;9618363583;B
20240216;100843;1617.6;1;9618363741;B
20240216;100848;1617.6;2;9618364507;B
20240216;100848;1617.6;7;9618364508;B
20240216;100848;1617.6;23;9618364509;B
20240216;100848;1617.8;68;9618364510;B
20240216;100852;1617.6;1;9618365081;S
20240216;100853;1618;25;9618365168;B
20240216;100853;1617.4;1;9618365171;S
20240216;100853;1617.4;59;9618365172;S
20240216;100856;1618;275;9618365452;B
20240216;100856;1618;4;9618365453;B
20240216;100856;1618;10;9618365454;B
20240216;100856;1618;40;9618365455;B
20240216;100856;1618;3;9618365456;B
20240216;100856;1618;12;9618365457;B
20240216;100856;1618;2;9618365458;B
20240216;100856;1618;100;9618365459;B
20240216;100856;1618;5;9618365460;B
20240216;100856;1618;75;9618365461;B
20240216;100856;1618;1;9618365462;B
20240216;100856;1618;10;9618365463;B
20240216;100856;1618;23;9618365464;B
20240216;100856;1618;60;9618365465;B
20240216;100856;1618.2;8;9618365466;B
20240216;100856;1618.2;1;9618365467;B
20240216;100856;1618.2;5;9618365468;B
20240216;100856;1618.2;1;9618365469;B
20240216;100856;1618.2;10;9618365470;B
20240216;100856;1618.2;5;9618365471;B
20240216;100856;1618.2;1;9618365516;B
20240216;100856;1617.4;3;9618365556;S
20240216;100857;1618.2;1;9618365792;B
20240216;100859;1617.6;3;9618365926;S
20240216;100859;1617.4;15;9618365927;S
20240216;100859;1617.4;168;9618366008;S
20240216;100859;1617.4;5;9618366009;S
20240216;100903;1617.4;1;9618366590;S
20240216;100905;1617.4;1;9618366897;S
20240216;100905;1617.4;10;9618366898;S
20240216;100907;1617.4;4;9618367072;B
20240216;100907;1617.4;33;9618367084;B
20240216;100908;1617.4;2;9618367149;B
20240216;100908;1617.6;10;9618367150;B
20240216;100908;1617.6;13;9618367151;B
20240216;100909;1617.8;1;9618367158;B
20240216;100909;1617.8;9;9618367214;B
20240216;100910;1617.8;89;9618367267;B
20240216;100910;1617.2;1;9618367270;S
20240216;100913;1617.6;1;9618367660;B
20240216;100915;1617.4;100;9618367915;S
20240216;100917;1617.4;3;9618368170;S
20240216;100918;1617.4;2;9618368233;S
20240216;100919;1617.6;10;9618368336;B
20240216;100919;1617.6;21;9618368337;B
20240216;100919;1617.8;5;9618368339;B
20240216;100920;1617.6;1;9618368454;B
20240216;100920;1617.8;1;9618368456;B
20240216;100921;1617.8;3;9618368670;B
20240216;100924;1617.4;20;9618368906;S
20240216;100924;1617.6;20;9618368943;B
20240216;100924;1617.6;10;9618368944;B
20240216;100926;1617.8;10;9618369150;B
20240216;100926;1617.8;10;9618369154;B
20240216;100927;1617.8;1;9618369296;B
20240216;100928;1617.4;75;9618369391;S
20240216;100928;1617.4;1;9618369392;S
20240216;100928;1617.4;70;9618369393;S
20240216;100928;1617.2;1;9618369394;S
20240216;100928;1617.2;289;9618369395;S
20240216;100928;1617.8;1;9618369439;B
20240216;100928;1617.8;1;9618369440;B
20240216;100931;1617.8;2;9618369752;B
20240216;100937;1617.6;9;9618370496;B
20240216;100940;1617.6;1;9618370747;B
20240216;100942;1617.6;5;9618370970;B
20240216;100944;1617.4;1;9618371236;S
20240216;100945;1617.8;3;9618371285;B
20240216;100949;1617.6;1;9618371690;B
20240216;100949;1617.4;1;9618371725;S
20240216;100951;1617.6;24;9618371900;B
20240216;100951;1617.6;25;9618371945;B
20240216;100951;1617.6;23;9618371946;B
20240216;100951;1617.6;20;9618371947;B
20240216;100954;1617.6;65;9618373761;B
20240216;100955;1617.4;8;9618374083;S
20240216;100955;1617.4;12;9618374084;S
20240216;100955;1617.2;8;9618374085;S
20240216;100955;1617.2;21;9618374086;S
20240216;100956;1617.4;10;9618374211;B
20240216;100957;1617.6;10;9618374363;B
20240216;100959;1617.4;2;9618374569;B
20240216;100959;1617.4;8;9618374612;B
20240216;100959;1617.4;2;9618374613;B
20240216;101002;1617.6;1;9618375057;B
20240216;101003;1617.6;3;9618375211;B
20240216;101006;1617.2;7;9618375466;S
20240216;101006;1617.2;3;9618375467;S
20240216;101008;1617.6;1;9618375751;B
20240216;101009;1617.6;2;9618375804;B
20240216;101013;1617.6;1;9618376314;B
20240216;101013;1617.2;4;9618376325;S
20240216;101013;1617.2;6;9618376326;S
20240216;101014;1617.6;1;9618376447;B
20240216;101014;1617.6;2;9618376452;B
20240216;101015;1617.6;1;9618376632;B
20240216;101016;1617.4;3;9618376717;S
20240216;101016;1617.2;16;9618376718;S
20240216;101016;1617.2;16;9618376719;S
20240216;101018;1617.6;1;9618376960;B
20240216;101021;1617.2;15;9618377411;S
20240216;101021;1617.2;21;9618377412;S
20240216;101022;1617.6;1;9618377566;B
20240216;101024;1617.6;98;9618377866;B
20240216;101024;1617.6;23;9618377867;B
20240216;101024;1617.6;49;9618377868;B
20240216;101026;1617.8;1;9618378120;B
20240216;101033;1617.6;1;9618378820;S
20240216;101033;1617.8;100;9618379056;B
20240216;101036;1617.8;1;9618379452;B
20240216;101036;1617.8;2;9618379472;B
20240216;101036;1617.8;1;9618379522;B
20240216;101037;1617.8;10;9618379552;B
20240216;101037;1617.8;23;9618379591;B
20240216;101039;1617.6;9;9618379893;S
20240216;101039;1617.6;2;9618379894;S
20240216;101039;1617.6;8;9618379895;S
20240216;101039;1617.6;1;9618379896;S
20240216;101040;1617.6;7;9618379969;B
20240216;101040;1617.6;12;9618379998;B
20240216;101040;1617.4;1;9618380057;S
20240216;101041;1617.6;461;9618380122;B
20240216;101041;1617.6;23;9618380123;B
20240216;101041;1617.6;60;9618380124;B
20240216;101041;1617.8;192;9618380125;B
20240216;101041;1617.8;7;9618380126;B
20240216;101041;1617.8;4;9618380127;B
20240216;101041;1617.8;60;9618380128;B
20240216;101041;1617.8;20;9618380129;B
20240216;101041;1618;80;9618380130;B
20240216;101041;1618;10;9618380131;B
20240216;101041;1618;47;9618380132;B
20240216;101041;1618;1;9618380133;B
20240216;101041;1618;8;9618380134;B
20240216;101041;1618;10;9618380135;B
20240216;101041;1618;17;9618380136;B
20240216;101042;1618.2;3;9618380255;B
20240216;101042;1618.2;5;9618380256;B
20240216;101042;1618.2;1;9618380257;B
20240216;101042;1618.2;154;9618380258;B
20240216;101046;1618.2;1;9618380668;B
20240216;101056;1617.6;5;9618381581;S
20240216;101056;1617.4;5;9618381582;S
20240216;101058;1617.8;100;9618381752;B
20240216;101058;1617.8;5;9618381773;B
20240216;101058;1618;2;9618381774;B
20240216;101058;1617.4;2;9618381848;S
20240216;101100;1618;1;9618382023;B
20240216;101102;1618;1;9618382305;B
20240216;101103;1618;1;9618382351;B
20240216;101103;1618;5;9618382352;B
20240216;101103;1618;23;9618382353;B
20240216;101103;1618;33;9618382354;B
20240216;101105;1618;10;9618382577;S
20240216;101105;1617.8;2;9618382578;S
20240216;101105;1617.8;6;9618382583;S
20240216;101105;1617.8;22;9618382584;S
20240216;101105;1617.8;6;9618382585;S
20240216;101105;1617.8;6;9618382602;S
20240216;101105;1617.8;12;9618382603;S
20240216;101106;1618.2;4;9618382757;B
20240216;101107;1617.8;1;9618382820;S
20240216;101108;1618;1;9618382952;S
20240216;101108;1617.8;4;9618382953;S
20240216;101112;1618;1;9618383438;B
20240216;101112;1618;2;9618383463;B
20240216;101112;1617.8;1;9618383536;S
20240216;101114;1617.8;4;9618383809;S
20240216;101120;1618;1;9618384641;B
20240216;101120;1618;22;9618384642;B
20240216;101120;1618;3;9618384643;B
20240216;101122;1618;2;9618384841;B
20240216;101124;1618;2;9618384969;B
20240216;101125;1617.8;2;9618385315;S
20240216;101126;1618;1;9618385380;B
20240216;101127;1617.8;2;9618385551;S
20240216;101127;1617.8;11;9618385552;S
20240216;101127;1617.8;1;9618385553;S
20240216;101127;1617.8;4;9618385554;S
20240216;101127;1617.8;2;9618385555;S
20240216;101127;1617.8;1;9618385577;S
20240216;101128;1618;1;9618385708;B
20240216;101130;1617.8;15;9618385995;S
20240216;101132;1617.8;91;9618386328;S
20240216;101132;1617.8;7;9618386329;S
20240216;101132;1617.8;10;9618386330;S
20240216;101132;1617.8;3;9618386331;S
20240216;101132;1617.8;3;9618386332;S
20240216;101132;1617.8;3;9618386333;S
20240216;101132;1617.8;15;9618386334;S
20240216;101132;1617.6;101;9618386335;S
20240216;101132;1617.6;22;9618386336;S
20240216;101132;1617.6;11;9618386337;S
20240216;101132;1617.4;22;9618386338;S
20240216;101132;1617.4;14;9618386339;S
20240216;101132;1617.4;100;9618386340;S
20240216;101132;1617.2;33;9618386341;S
20240216;101132;1617.2;1;9618386342;S
20240216;101132;1617.2;100;9618386343;S
20240216;101132;1617;1;9618386344;S
20240216;101132;1617;27;9618386345;S
20240216;101132;1617;1;9618386346;S
20240216;101132;1617;47;9618386347;S
20240216;101132;1617;1;9618386348;S
20240216;101132;1617;10;9618386349;S
20240216;101132;1617;60;9618386350;S
20240216;101132;1616.8;1;9618386351;S
20240216;101132;1616.8;2;9618386352;S
20240216;101132;1616.8;224;9618386353;S
20240216;101132;1616.8;90;9618386354;S
20240216;101133;1617.6;2;9618386513;B
20240216;101134;1617.8;20;9618386642;B
20240216;101137;1617.2;6;9618386977;S
20240216;101137;1617.6;6;9618387004;B
20240216;101143;1617;10;9618387719;S
20240216;101143;1617;30;9618387752;S
20240216;101147;1617;146;9618388342;S
20240216;101147;1617;3;9618388343;S
20240216;101147;1616.8;51;9618388344;S
20240216;101147;1617.6;2;9618388354;B
20240216;101148;1617.6;1;9618388501;B
20240216;101150;1616.8;30;9618388630;S
20240216;101152;1617;13;9618388836;B
20240216;101152;1617;1;9618388839;S
20240216;101155;1617;1;9618389290;S
20240216;101156;1617.4;3;9618389400;B
20240216;101156;1617.4;1;9618389420;B
20240216;101204;1617.4;2;9618390641;B
20240216;101204;1617.6;5;9618390642;B
20240216;101205;1617;5;9618390798;S
20240216;101205;1617;50;9618390799;S
20240216;101205;1617;18;9618390800;S
20240216;101206;1617;1;9618390876;B
20240216;101207;1617;10;9618391022;B
20240216;101207;1617;35;9618391042;B
20240216;101208;1617;1;9618391214;B
20240216;101209;1617;1;9618391275;B
20240216;101210;1616.8;35;9618391439;S
20240216;101210;1616.8;20;9618391440;S
20240216;101210;1616.8;145;9618391441;S
20240216;101211;1617;1;9618391633;B
20240216;101211;1617;3;9618391683;B
20240216;101213;1616.8;1;9618391833;S
20240216;101213;1617;11;9618391837;B
20240216;101214;1617;24;9618392052;B
20240216;101217;1617;6;9618392408;B
20240216;101217;1616.8;10;9618392457;S
20240216;101218;1616.8;2;9618392511;S
20240216;101221;1617;1;9618393002;B
20240216;101221;1617;2;9618393070;B
20240216;101221;1616.8;1;9618393081;S
20240216;101223;1616.8;39;9618393257;S
20240216;101223;1616.8;43;9618393309;S
20240216;101224;1617;10;9618393454;B
20240216;101227;1617;1;9618393774;B
20240216;101229;1617;2;9618393983;B
20240216;101232;1616.8;40;9618394314;S
20240216;101233;1617;6;9618394388;B
20240216;101233;1617;5;9618394461;B
20240216;101235;1617;1;9618394640;B
20240216;101235;1616.8;5;9618394682;S
20240216;101236;1616.8;14;9618394883;S
20240216;101236;1616.8;256;9618394884;S
20240216;101236;1616.8;1;9618394885;S
20240216;101240;1616.6;5;9618395323;S
20240216;101241;1616.8;20;9618395364;B
20240216;101241;1616.8;1;9618395438;B
20240216;101241;1616.6;1;9618395450;S
20240216;101242;1616.6;6;9618395485;S
20240216;101242;1616.6;22;9618395487;S
20240216;101242;1616.6;13;9618395488;S
20240216;101242;1616.6;6;9618395496;S
20240216;101242;1616.6;13;9618395502;S
20240216;101242;1616.8;2;9618395511;B
20240216;101242;1616.6;10;9618395535;S
20240216;101243;1616.8;10;9618395604;B
20240216;101244;1616.8;11;9618395696;B
20240216;101245;1616.8;1;9618395844;B
20240216;101245;1616.6;3;9618395884;S
20240216;101245;1616.8;1;9618395909;B
20240216;101245;1616.8;2;9618395943;B
20240216;101249;1616.6;1;9618396293;S
20240216;101250;1616.8;5;9618396479;B
20240216;101253;1616.8;3;9618396761;B
20240216;101254;1616.8;2;9618396892;B
20240216;101255;1616.8;30;9618397079;B
20240216;101256;1616.8;5;9618397145;B
20240216;101259;1616.8;12;9618397592;B
20240216;101300;1616.8;50;9618397669;B
20240216;101302;1616.6;4;9618397998;S
20240216;101303;1616.8;1;9618398108;B
20240216;101304;1616.6;100;9618398181;S
20240216;101309;1616.6;2;9618398663;S
20240216;101310;1616.6;4;9618398753;S
20240216;101310;1616.8;2;9618398793;B
20240216;101311;1616.6;1;9618398927;S
20240216;101313;1616.6;9;9618399063;S
20240216;101314;1616.6;1;9618399237;S
20240216;101315;1616.6;10;9618399338;S
20240216;101315;1616.8;2;9618399339;B
20240216;101317;1616.8;5;9618399466;B
20240216;101318;1616.6;1;9618399597;S
20240216;101318;1616.6;22;9618399827;S
20240216;101319;1616.6;6;9618399839;S
20240216;101320;1616.6;200;9618399955;S
20240216;101320;1616.4;22;9618399956;S
20240216;101320;1616.2;16;9618399957;S
20240216;101320;1616;12;9618399958;S
20240216;101329;1616.6;25;9618400920;B
20240216;101334;1616.6;1;9618401485;B
20240216;101336;1616.6;5;9618401728;B
20240216;101337;1616;100;9618401905;S
20240216;101337;1616;40;9618401906;S
20240216;101337;1616;40;9618401907;S
20240216;101337;1616;1;9618401908;S
20240216;101337;1616;4;9618401909;S
20240216;101337;1616;2;9618401910;S
20240216;101337;1616;100;9618401911;B
20240216;101337;1616;100;9618401912;B
20240216;101337;1616;7;9618401915;B
20240216;101338;1616;1;9618401967;B
20240216;101338;1616;341;9618401992;B
20240216;101338;1616;4;9618401993;B
20240216;101338;1616.2;24;9618401994;B
20240216;101339;1616.6;1;9618402155;B
20240216;101340;1616.2;5;9618402311;S
20240216;101342;1616.2;15;9618402684;S
20240216;101342;1616.2;5;9618402685;S
20240216;101343;1616;1;9618402714;S
20240216;101348;1616.8;1;9618403796;B
20240216;101348;1616.8;6;9618403797;B
20240216;101349;1616.4;1;9618403857;S
20240216;101352;1616.8;1;9618404223;B
20240216;101354;1616.8;2;9618404441;B
20240216;101354;1616.8;1;9618404450;B
20240216;101359;1616.8;1;9618405159;B
20240216;101401;1616.4;1;9618405356;S
20240216;101403;1616.8;8;9618405663;B
20240216;101404;1616.8;1;9618405738;B
20240216;101406;1616.8;1;9618405972;B
20240216;101409;1616.8;50;9618406313;B
20240216;101410;1616.8;1;9618406374;B
20240216;101410;1616.6;1;9618406391;S
20240216;101410;1616.6;30;9618406416;S
20240216;101422;1616.6;49;9618407871;S
20240216;101422;1616.6;6;9618407872;S
20240216;101425;1616.6;3;9618408380;B
20240216;101425;1616.8;61;9618408381;B
20240216;101425;1616.8;36;9618408382;B
20240216;101427;1616.4;1;9618408638;S
20240216;101428;1616.6;9;9618408688;B
20240216;101429;1616.6;1;9618408855;B
20240216;101430;1616.6;1;9618408983;B
20240216;101430;1616.6;1;9618409014;B
20240216;101431;1616.6;1;9618409161;B
20240216;101434;1616.6;2;9618409443;B
20240216;101434;1616.6;1;9618409526;B
20240216;101436;1616.6;6;9618409782;B
20240216;101437;1616.6;1;9618409835;B
20240216;101437;1616.4;1;9618409874;S
20240216;101437;1616.6;10;9618409910;B
20240216;101438;1616.6;1;9618410027;B
20240216;101438;1616.6;2;9618410038;B
20240216;101442;1616.6;5;9618410614;B
20240216;101443;1616.4;1;9618410716;S
20240216;101446;1616.4;13;9618411131;S
20240216;101446;1616.4;12;9618411132;S
20240216;101446;1616.4;1;9618411135;S
20240216;101448;1616.6;3;9618411494;B
20240216;101449;1616.6;1;9618411710;B
20240216;101454;1616.6;3;9618412302;B
20240216;101458;1616.6;1;9618412867;B
20240216;101459;1616.6;5;9618412907;B
20240216;101459;1616.6;1;9618412962;B
20240216;101501;1616.4;10;9618413227;S
20240216;101501;1616.6;1;9618413318;B
20240216;101502;1616.4;12;9618413447;S
20240216;101504;1616.4;1;9618413890;S
20240216;101506;1616.6;1;9618414246;B
20240216;101508;1616.8;2;9618415076;B
20240216;101509;1616.8;5;9618415317;B
20240216;101510;1616.8;5;9618415610;B
20240216;101511;1616.6;1;9618415900;S
20240216;101512;1616.8;32;9618415966;B
20240216;101512;1616.6;1;9618415989;S
20240216;101514;1616.4;31;9618416222;B
20240216;101514;1616.6;3;9618416223;B
20240216;101514;1616.8;27;9618416224;B
20240216;101520;1616.8;1;9618417110;B
20240216;101520;1616.2;79;9618417220;S
20240216;101521;1616.2;57;9618417239;S
20240216;101521;1616.8;8;9618417406;B
20240216;101521;1616.8;7;9618417407;B
20240216;101523;1616.8;10;9618417635;B
20240216;101523;1616.8;10;9618417636;B
20240216;101524;1616.8;10;9618417763;B
20240216;101525;1616.8;1;9618417959;B
20240216;101526;1616.8;2;9618418065;B
20240216;101526;1616.8;2;9618418156;B
20240216;101529;1616.6;2;9618418540;S
20240216;101529;1616.6;8;9618418541;S
20240216;101529;1617;7;9618418576;B
20240216;101529;1616.4;186;9618418650;S
20240216;101529;1616.4;101;9618418651;S
20240216;101539;1616.4;55;9618420539;S
20240216;101541;1617;1;9618420883;B
20240216;101548;1616.6;10;9618422109;S
20240216;101553;1616.4;22;9618423023;S
20240216;101553;1616.4;78;9618423024;S
20240216;101600;1617;1;9618424417;B
20240216;101601;1617;1;9618424755;B
20240216;101602;1617;1;9618424823;B
20240216;101606;1616.8;10;9618425566;S
20240216;101606;1617;40;9618425580;B
20240216;101609;1617;126;9618426011;B
20240216;101609;1617;1;9618426074;B
20240216;101610;1617;1;9618426133;B
20240216;101610;1617;27;9618426211;B
20240216;101610;1617;6;9618426212;B
20240216;101610;1617;8;9618426213;B
20240216;101610;1617;10;9618426214;B
20240216;101610;1617;106;9618426215;B
20240216;101611;1617.4;1;9618426399;B
20240216;101612;1617.2;21;9618426589;S
20240216;101612;1617;179;9618426590;S
20240216;101613;1617.4;50;9618426641;B
20240216;101613;1617.4;21;9618426693;B
20240216;101614;1616.8;1;9618426924;S
20240216;101615;1617.4;1;9618427075;B
20240216;101616;1617.4;2;9618427127;B
20240216;101617;1617.4;26;9618427499;B
20240216;101617;1617.4;27;9618427500;B
20240216;101617;1617.4;21;9618427501;B
20240216;101618;1617;5;9618427679;S
20240216;101618;1617;21;9618427680;S
20240216;101618;1617;186;9618427681;S
20240216;101618;1617;62;9618427682;S
20240216;101618;1616.8;71;9618427683;S
20240216;101618;1616.8;22;9618427684;S
20240216;101618;1616.8;185;9618427685;S
20240216;101618;1616.6;60;9618427686;S
20240216;101618;1616.4;17;9618427687;S
20240216;101618;1616.4;60;9618427688;S
20240216;101618;1616.4;27;9618427689;S
20240216;101618;1616.2;100;9618427690;S
20240216;101618;1616;974;9618427691;S
20240216;101618;1616;187;9618427692;S
20240216;101618;1616;250;9618427693;S
20240216;101618;1616;50;9618427694;S
20240216;101618;1616;4;9618427695;S
20240216;101618;1616;15;9618427696;S
20240216;101618;1616;1;9618427697;S
20240216;101618;1615.8;100;9618427698;S
20240216;101618;1615.6;20;9618427699;S
20240216;101618;1615.6;15;9618427700;S
20240216;101618;1615.4;5;9618427701;S
20240216;101618;1615.2;40;9618427702;S
20240216;101618;1615;1;9618427703;S
20240216;101618;1615;63;9618427704;S
20240216;101618;1615;100;9618427705;S
20240216;101618;1615;2;9618427706;S
20240216;101618;1615;1;9618427707;S
20240216;101618;1615;1;9618427708;S
20240216;101618;1615;1;9618427709;S
20240216;101618;1615;10;9618427710;S
20240216;101618;1615;10;9618427711;S
20240216;101618;1615;20;9618427712;S
20240216;101618;1615;1;9618427713;S
20240216;101618;1614.6;10;9618427714;S
20240216;101618;1614.6;1;9618427715;S
20240216;101618;1614.6;2;9618427716;S
20240216;101618;1614.6;224;9618427717;S
20240216;101618;1614.4;13;9618427718;S
20240216;101618;1614.4;270;9618427719;S
20240216;101618;1614.2;273;9618427720;S
20240216;101618;1614.2;270;9618427721;S
20240216;101618;1614;1;9618427722;S
20240216;101618;1614;3;9618427723;S
20240216;101618;1614;60;9618427724;S
20240216;101618;1614;65;9618427725;S
20240216;101618;1614;1;9618427726;S
20240216;101618;1614;250;9618427727;S
20240216;101618;1614;273;9618427728;S
20240216;101618;1613.8;1;9618427729;S
20240216;101618;1613.8;5;9618427730;S
20240216;101618;1613.8;1;9618427731;S
20240216;101618;1613.8;270;9618427732;S
20240216;101618;1613.8;320;9618427733;S
20240216;101618;1614.4;50;9618427735;B
20240216;101618;1614.8;100;9618427736;B
20240216;101618;1614.8;50;9618427737;B
20240216;101618;1614.8;27;9618427740;S
20240216;101618;1614.8;22;9618427741;S
20240216;101618;1616.8;1;9618427743;B
20240216;101618;1615.6;10;9618427747;B
20240216;101619;1615.8;1;9618427844;S
20240216;101619;1616;120;9618427865;S
20240216;101619;1615.8;1;9618427996;B
20240216;101620;1616;25;9618428117;B
20240216;101621;1615.8;1;9618428132;B
20240216;101621;1615.6;22;9618428191;S
20240216;101621;1615.8;1;9618428197;B
20240216;101622;1615.8;3;9618428318;B
20240216;101622;1616;27;9618428319;B
20240216;101624;1615.6;1;9618428691;S
20240216;101624;1616;80;9618428699;B
20240216;101624;1615.8;5;9618428774;B
20240216;101627;1615.6;10;9618429250;S
20240216;101628;1615.8;1;9618429344;B
20240216;101629;1615.6;1;9618429510;S
20240216;101630;1615.8;1;9618429594;B
20240216;101631;1615.6;3;9618429739;S
20240216;101632;1615.6;23;9618430030;S
20240216;101634;1615.8;2;9618430224;B
20240216;101634;1615.6;1;9618430242;S
20240216;101635;1615.8;3;9618430488;B
20240216;101636;1615.8;54;9618430515;B
20240216;101636;1615.8;1;9618430520;S
20240216;101637;1616;3;9618430732;B
20240216;101638;1616;1;9618430770;B
20240216;101642;1616;9;9618431405;B
20240216;101642;1616;2;9618431508;B
20240216;101642;1615.8;1;9618431545;S
20240216;101645;1616;19;9618432010;B
20240216;101645;1616.6;1;9618432027;B
20240216;101646;1616.6;18;9618432149;B
20240216;101647;1616.6;1;9618432261;B
20240216;101647;1616.6;1;9618432275;B
20240216;101650;1616.6;4;9618432862;B
20240216;101650;1616.4;4;9618432946;S
20240216;101650;1616.4;16;9618432947;S
20240216;101651;1616.6;2;9618433055;B
20240216;101651;1616.6;22;9618433056;B
20240216;101651;1617;1;9618433057;B
20240216;101651;1617.2;16;9618433058;B
20240216;101659;1617.2;3;9618434296;B
20240216;101702;1617.2;2;9618434919;B
20240216;101702;1616.6;1;9618435013;S
20240216;101702;1616.6;5;9618435014;S
20240216;101702;1616.6;5;9618435015;S
20240216;101702;1616.6;5;9618435016;S
20240216;101702;1616.4;2;9618435017;S
20240216;101708;1617.2;3;9618435728;B
20240216;101709;1617.2;1;9618435930;B
20240216;101710;1616.6;1;9618436080;S
20240216;101710;1616.4;19;9618436081;S
20240216;101710;1616.4;130;9618436082;S
20240216;101710;1616.4;62;9618436083;S
20240216;101710;1616.4;2;9618436084;S
20240216;101713;1617.2;175;9618436515;B
20240216;101713;1617.2;25;9618436516;B
20240216;101714;1617.2;35;9618436607;B
20240216;101714;1617.2;2;9618436608;B
20240216;101714;1617.2;1;9618436609;B
20240216;101714;1617.2;60;9618436610;B
20240216;101714;1617.2;2;9618436611;B
20240216;101715;1617.4;1;9618436741;B
20240216;101718;1617.4;7;9618437356;B
20240216;101719;1617.4;7;9618437473;B
20240216;101719;1617.4;62;9618437564;B
20240216;101719;1617.4;48;9618437565;B
20240216;101720;1617.2;1;9618437619;S
20240216;101723;1617.4;15;9618438200;B
20240216;101725;1617.4;4;9618438600;B
20240216;101727;1617.4;1;9618438853;B
20240216;101729;1617;1;9618439565;S
20240216;101731;1617;1;9618439827;S
20240216;101731;1616.8;2;9618439828;S
20240216;101731;1617.4;118;9618439849;B
20240216;101731;1617.4;60;9618439850;B
20240216;101731;1617.4;2;9618439851;B
20240216;101731;1617.4;20;9618439852;B
20240216;101737;1616.8;1;9618440958;S
20240216;101739;1617.4;1;9618441366;B
20240216;101744;1617.4;2;9618442134;B
20240216;101806;1617.4;5;9618446160;B
20240216;101809;1617.4;6;9618446691;B
20240216;101809;1617.4;10;9618446692;B
20240216;101809;1617.4;4;9618446693;B
20240216;101812;1617.4;1;9618447270;B
20240216;101818;1616.8;6;9618448460;S
20240216;101820;1617.2;1;9618448735;B
20240216;101822;1617.2;4;9618449078;B
20240216;101824;1617.2;1;9618449343;B
20240216;101824;1616.8;3;9618449359;S
20240216;101825;1617.2;1;9618449810;B
20240216;101829;1617.2;4;9618450526;B
20240216;101830;1617.2;10;9618450942;B
20240216;101831;1616.8;11;9618451158;S
20240216;101831;1616.8;3;9618451159;S
20240216;101831;1616.6;22;9618451160;S
20240216;101831;1616.6;1;9618451161;S
20240216;101831;1616.6;5;9618451162;S
20240216;101831;1616.6;17;9618451163;S
20240216;101832;1617.2;10;9618451355;B
20240216;101836;1617.2;29;9618452604;B
20240216;101837;1617.2;1;9618452665;B
20240216;101838;1617.2;1;9618452884;B
20240216;101839;1617.2;1;9618452996;B
20240216;101839;1617.2;4;9618453023;B
20240216;101839;1617.2;2;9618453024;B
20240216;101839;1617.2;21;9618453025;B
20240216;101841;1617;1;9618453252;S
20240216;101841;1617.2;6;9618453347;B
20240216;101841;1617.2;60;9618453348;B
20240216;101841;1617.2;6;9618453349;B
20240216;101841;1617.2;20;9618453350;B
20240216;101841;1617.4;93;9618453351;B
20240216;101844;1617.2;1;9618454444;S
20240216;101844;1617.4;5;9618454491;B
20240216;101845;1617.4;3;9618454586;B
20240216;101845;1617.4;62;9618454602;B
20240216;101847;1617;17;9618454878;S
20240216;101847;1617;6;9618454879;S
20240216;101847;1617;1;9618454968;B
20240216;101849;1617;1;9618455263;B
20240216;101851;1617;1;9618455747;B
20240216;101852;1617;5;9618456060;B
20240216;101853;1616.6;5;9618456220;S
20240216;101853;1617;1;9618456227;B
20240216;101856;1616.6;1;9618456553;S
20240216;101857;1617;1;9618456870;B
20240216;101858;1617;1;9618457134;B
20240216;101859;1617;60;9618457226;B
20240216;101900;1616.6;1;9618457415;S
20240216;101900;1616.6;1;9618457428;S
20240216;101900;1617;1;9618457437;B
20240216;101901;1617;1;9618457582;B
20240216;101903;1616.6;1;9618457755;S
20240216;101903;1616.6;10;9618457793;S
20240216;101903;1617;3;9618457829;B
20240216;101903;1617;1;9618457877;B
20240216;101904;1617;1;9618457989;S
20240216;101905;1617.2;2;9618458133;B
20240216;101911;1617;16;9618459065;S
20240216;101913;1616.6;1;9618459430;S
20240216;101913;1616.6;2;9618459550;S
20240216;101915;1617;1;9618459856;B
20240216;101916;1616.6;1;9618460090;S
20240216;101918;1617;1;9618460377;B
20240216;101918;1616.6;1;9618460411;S
20240216;101919;1617;1;9618460621;B
20240216;101922;1617;1;9618461115;B
20240216;101925;1617;1;9618461743;B
20240216;101926;1617;1;9618461842;B
20240216;101928;1617;1;9618462191;B
20240216;101930;1617;1;9618462601;B
20240216;101932;1617;2;9618462920;B
20240216;101933;1617;1;9618463023;B
20240216;101934;1616.6;1;9618463293;S
20240216;101936;1617;19;9618463577;B
20240216;101937;1616.6;1;9618463650;S
20240216;101937;1616.6;13;9618463651;S
20240216;101937;1617;1;9618463683;B
20240216;101937;1617;6;9618463696;B
20240216;101937;1617;7;9618463773;B
20240216;101940;1617;2;9618464269;B
20240216;101942;1616.6;1;9618464685;S
20240216;101943;1616.6;1;9618464829;S
20240216;101943;1617;1;9618464940;B
20240216;101945;1616.6;1;9618465120;S
20240216;101947;1616.8;10;9618465665;B
20240216;101948;1616.8;1;9618465780;B
20240216;101950;1616.8;3;9618466203;B
20240216;101954;1616.8;1;9618466789;B
20240216;101955;1616.8;2;9618467005;B
20240216;101956;1616.8;24;9618467160;B
20240216;101956;1616.8;18;9618467320;B
20240216;101956;1617;50;9618467321;B
20240216;101957;1617;2;9618467373;B
20240216;101959;1616.8;2;9618467844;S
20240216;102001;1616.6;19;9618468197;S
20240216;102001;1616.6;26;9618468198;S
20240216;102007;1617;2;9618469066;B
20240216;102008;1617;1;9618469189;B
20240216;102010;1616.8;4;9618469439;S
20240216;102011;1616.8;1;9618470463;S
20240216;102013;1617;1;9618471028;B
20240216;102013;1617;16;9618471264;B
20240216;102013;1616.8;2;9618471313;S
20240216;102015;1617;350;9618471648;B
20240216;102015;1617;15;9618471649;B
20240216;102015;1617;4;9618471650;B
20240216;102015;1617;2;9618471651;B
20240216;102015;1617;5;9618471652;B
20240216;102015;1617;4;9618471653;B
20240216;102015;1617;5;9618471654;B
20240216;102015;1617;30;9618471655;B
20240216;102016;1617.2;2;9618471669;S
20240216;102020;1617.4;1;9618474929;B
20240216;102020;1617;1;9618474930;S
20240216;102021;1617.4;3;9618475357;B
20240216;102022;1617.4;1;9618475708;B
20240216;102022;1617.4;5;9618475727;B
20240216;102025;1617.4;1;9618476416;B
20240216;102029;1617.4;3;9618478370;B
20240216;102030;1617.2;1;9618478445;S
20240216;102032;1617.4;5;9618478886;B
20240216;102032;1617.4;8;9618478893;B
20240216;102035;1617.4;3;9618479787;B
20240216;102036;1617.4;1;9618480227;B
20240216;102036;1617.4;1;9618480228;B
20240216;102036;1617.4;1;9618480229;B
20240216;102037;1617.4;1;9618480337;B
20240216;102037;1617.4;600;9618480338;B
20240216;102037;1617.6;5;9618480339;B
20240216;102037;1617.6;10;9618480340;B
20240216;102037;1617.6;1;9618480341;B
20240216;102037;1617.6;97;9618480342;B
20240216;102037;1617.6;5;9618480343;B
20240216;102037;1617.6;22;9618480344;B
20240216;102037;1617.6;131;9618480345;B
20240216;102037;1617.6;14;9618480346;B
20240216;102037;1617.6;1;9618480347;B
20240216;102037;1617.8;10;9618480348;B
20240216;102037;1617.8;5;9618480349;B
20240216;102037;1617.8;1;9618480350;B
20240216;102037;1617.8;3676;9618480351;B
20240216;102037;1617.8;1;9618480352;B
20240216;102037;1617.8;5;9618480353;B
20240216;102037;1617.8;2;9618480354;B
20240216;102037;1617.8;15;9618480355;B
20240216;102037;1617.8;484;9618480356;B
20240216;102037;1617.8;14;9618480357;B
20240216;102037;1617.6;1;9618480653;S
20240216;102037;1617.4;1;9618480872;S
20240216;102037;1617.4;1;9618481211;S
20240216;102037;1617.4;1;9618481429;S
20240216;102037;1617.4;1;9618481442;S
20240216;102037;1617.4;1;9618481450;S
20240216;102037;1617.4;1;9618481469;S
20240216;102037;1617.4;1;9618481481;S
20240216;102037;1617.4;1;9618481491;S
20240216;102037;1617.4;1;9618481504;S
20240216;102037;1617.8;18;9618481522;B
20240216;102038;1617.8;3;9618481603;B
20240216;102038;1617.4;53;9618481753;S
20240216;102038;1617.4;21;9618481754;S
20240216;102038;1617.4;26;9618481755;S
20240216;102040;1617.8;3;9618482408;B
20240216;102040;1617.8;9;9618482409;B
20240216;102042;1617.8;5;9618483290;B
20240216;102043;1617.8;1;9618484294;B
20240216;102044;1617.6;19;9618484431;S
20240216;102044;1617.6;26;9618484432;S
20240216;102045;1617.6;3;9618484513;S
20240216;102050;1617.6;5;9618485759;S
20240216;102050;1617.6;10;9618485760;S
20240216;102050;1617.6;1;9618485902;S
20240216;102050;1617.6;5;9618485903;S
20240216;102050;1617.4;6;9618485904;S
20240216;102050;1617.4;5;9618485905;S
20240216;102050;1617.4;8;9618485906;S
20240216;102051;1617.8;1;9618485983;B
20240216;102053;1617.4;1;9618487027;S
20240216;102054;1617.8;1;9618487167;B
20240216;102054;1617.8;1;9618487294;B
20240216;102056;1617.8;2;9618488350;B
20240216;102058;1617.8;1;9618489337;B
20240216;102058;1617.6;1;9618489484;S
20240216;102059;1617.8;4;9618489504;B
20240216;102059;1617.8;1;9618489552;B
20240216;102059;1617.6;2;9618489602;S
20240216;102059;1617.6;5;9618489603;S
20240216;102059;1617.6;136;9618489604;S
20240216;102059;1617.4;9;9618489605;S
20240216;102059;1617.4;2;9618489606;S
20240216;102059;1617.4;5;9618489607;S
20240216;102059;1617.4;700;9618489608;S
20240216;102059;1617.4;60;9618489609;S
20240216;102059;1617.4;6;9618489610;S
20240216;102059;1617.4;19;9618489611;S
20240216;102059;1617.2;2;9618489612;S
20240216;102059;1617.2;186;9618489613;S
20240216;102059;1617;61;9618489614;S
20240216;102059;1617;25;9618489615;S
20240216;102059;1617;15;9618489616;S
20240216;102059;1617;22;9618489617;S
20240216;102059;1617;60;9618489618;S
20240216;102059;1617;1;9618489619;S
20240216;102059;1617;125;9618489620;S
20240216;102059;1616.8;68;9618489621;S
20240216;102059;1616.8;19;9618489622;S
20240216;102059;1616.8;1;9618489623;S
20240216;102059;1616.8;27;9618489624;S
20240216;102059;1616.6;13;9618489625;S
20240216;102059;1616.6;26;9618489626;S
20240216;102059;1616.4;241;9618489627;S
20240216;102059;1616.2;505;9618489628;S
20240216;102059;1616.2;1;9618489629;S
20240216;102059;1616.2;185;9618489630;S
20240216;102059;1616;3;9618489631;S
20240216;102059;1616;185;9618489632;S
20240216;102059;1616;1;9618489633;S
20240216;102059;1616;50;9618489634;S
20240216;102059;1616;1;9618489635;S
20240216;102059;1615.8;233;9618489636;S
20240216;102059;1617.2;1;9618489647;S
20240216;102100;1617.2;1;9618489809;S
20240216;102100;1616.6;27;9618489810;S
20240216;102100;1616.6;8;9618489811;S
20240216;102100;1616.4;62;9618489812;S
20240216;102100;1616.4;1;9618489813;S
20240216;102100;1617.2;2;9618489827;B
20240216;102100;1617.2;2;9618489843;B
20240216;102100;1617.2;2;9618489862;B
20240216;102100;1617.2;2;9618489882;B
20240216;102100;1617.2;2;9618489904;B
20240216;102100;1617.2;1;9618489920;B
20240216;102102;1616.4;1;9618490521;S
20240216;102102;1617.4;4;9618491131;B
20240216;102102;1617.4;1;9618491149;B
20240216;102103;1617.2;20;9618491225;B
20240216;102110;1616.6;1;9618493370;S
20240216;102115;1617.2;5;9618495008;B
20240216;102116;1617.4;15;9618495436;B
20240216;102116;1617.4;7;9618495548;B
20240216;102116;1617.4;60;9618495549;B
20240216;102116;1617.4;22;9618495550;B
20240216;102116;1617.4;5;9618495551;B
20240216;102116;1617.4;5;9618495552;B
20240216;102116;1617.4;1;9618495553;B
20240216;102116;1617.4;60;9618495554;B
20240216;102116;1617.6;90;9618495555;B
20240216;102118;1617.8;2;9618496346;B
20240216;102127;1617.2;1;9618499250;S
20240216;102128;1617.6;1;9618499655;B
20240216;102130;1617.6;4;9618500138;B
20240216;102130;1617.6;60;9618500139;B
20240216;102130;1617.6;19;9618500140;B
20240216;102130;1617.8;19;9618500141;B
20240216;102130;1617.8;38;9618500142;B
20240216;102130;1617.2;4;9618500193;S
20240216;102130;1617.2;1;9618500194;S
20240216;102130;1617.2;65;9618500195;S
20240216;102130;1617.2;1;9618500196;S
20240216;102130;1617;19;9618500197;S
20240216;102130;1617;22;9618500198;S
20240216;102130;1617;15;9618500199;S
20240216;102130;1616.8;23;9618500200;S
20240216;102132;1617.4;5;9618500673;B
20240216;102132;1617.4;10;9618500674;B
20240216;102136;1616.8;10;9618502180;S
20240216;102137;1617.4;13;9618502271;B
20240216;102139;1617.2;5;9618503251;B
20240216;102146;1616.8;10;9618504811;S
20240216;102146;1617.2;2;9618504954;B
20240216;102147;1617.2;17;9618505271;B
20240216;102147;1617.2;1;9618505299;B
20240216;102149;1617.2;2;9618505523;B
20240216;102150;1617.2;7;9618505607;B
20240216;102150;1617.2;10;9618505613;B
20240216;102155;1617.2;5;9618508215;B
20240216;102157;1617.2;2;9618508778;B
20240216;102157;1617.2;62;9618508831;B
20240216;102159;1616.8;2;9618509061;S
20240216;102200;1616.8;5;9618509366;S
20240216;102200;1616.8;11;9618509367;S
20240216;102200;1616.6;27;9618509368;S
20240216;102201;1617.2;4;9618509590;B
20240216;102204;1617;1;9618510056;S
20240216;102206;1617;1;9618510387;B
20240216;102206;1617;3;9618510508;B
20240216;102206;1617;2;9618510509;B
20240216;102207;1617;58;9618510664;B
20240216;102207;1617;3;9618510665;B
20240216;102207;1617.2;4;9618510984;B
20240216;102210;1617.2;5;9618513985;B
20240216;102213;1617.2;20;9618514790;B
20240216;102214;1617.2;1;9618514825;B
20240216;102215;1617.2;1;9618515047;B
20240216;102217;1617.2;1;9618515306;B
20240216;102217;1617.2;2;9618515399;B
20240216;102220;1617.2;3;9618516201;B
20240216;102220;1617.2;5;9618516229;B
20240216;102222;1617;1;9618516462;S
20240216;102224;1617.2;6;9618517982;B
20240216;102224;1616.8;1;9618517983;S
20240216;102225;1617;18;9618518053;B
20240216;102226;1617;1;9618518134;B
20240216;102228;1617;1;9618518389;B
20240216;102229;1617;28;9618520294;B
20240216;102229;1617;47;9618520295;B
20240216;102229;1617;65;9618520296;B
20240216;102229;1617;1;9618520307;B
20240216;102230;1617;1;9618520335;B
20240216;102231;1617;6;9618520643;B
20240216;102233;1617;1;9618520963;B
20240216;102234;1617;1;9618521349;B
20240216;102237;1617;1;9618521717;B
20240216;102237;1617;2;9618521719;B
20240216;102238;1617;1;9618522730;B
20240216;102239;1616.6;1;9618523016;S
20240216;102242;1616.6;2;9618524024;S
20240216;102242;1616.4;1;9618524025;S
20240216;102252;1617;22;9618526904;B
20240216;102255;1617;4;9618527400;B
20240216;102257;1617;6;9618529127;B
20240216;102300;1617;74;9618529857;B
20240216;102300;1617;26;9618529858;B
20240216;102303;1617;34;9618530565;B
20240216;102303;1617;66;9618530566;B
20240216;102316;1617.2;1;9618534882;B
20240216;102316;1617.2;1;9618534883;B
20240216;102320;1617;1;9618535691;S
20240216;102320;1617.2;2;9618535702;B
20240216;102322;1617.2;1;9618536818;B
20240216;102323;1617;1;9618536954;S
20240216;102324;1617.2;9;9618537517;B
20240216;102324;1617.2;50;9618537518;B
20240216;102328;1617.2;1;9618538251;B
20240216;102330;1617.2;1;9618538624;B
20240216;102331;1617.2;3;9618538848;B
20240216;102341;1617.2;1;9618542144;B
20240216;102341;1617.2;1;9618542162;B
20240216;102342;1617;3;9618542247;S
20240216;102342;1616.6;15;9618542248;S
20240216;102342;1616.4;6;9618542310;S
20240216;102343;1616.4;5;9618542484;S
20240216;102343;1616.4;3;9618542515;S
20240216;102345;1616.4;5;9618542971;S
20240216;102346;1617.2;11;9618543260;B
20240216;102350;1617.2;3;9618545638;B
20240216;102350;1617.2;17;9618545639;B
20240216;102352;1617.2;20;9618545845;B
20240216;102358;1617;2;9618547779;B
20240216;102359;1616.8;1;9618548691;S
20240216;102359;1616.6;3;9618548692;S
20240216;102400;1617;2;9618548860;B
20240216;102402;1616.4;1;9618549379;S
20240216;102405;1616.8;1;9618550414;B
20240216;102405;1616.8;4;9618550512;B
20240216;102405;1617;6;9618550513;B
20240216;102412;1616.6;12;9618551879;B
20240216;102412;1616.6;1;9618552214;B
20240216;102417;1616.6;2;9618553486;B
20240216;102418;1616.6;1;9618554522;B
20240216;102423;1616.4;1;9618556740;S
20240216;102424;1616.6;2;9618556870;B
20240216;102424;1616.6;1;9618556952;B
20240216;102426;1616.6;5;9618557293;B
20240216;102430;1616.6;2;9618558942;B
20240216;102431;1616.4;9;9618559576;S
20240216;102431;1616.4;2;9618559577;S
20240216;102431;1616.4;1;9618559604;S
20240216;102432;1616.6;9;9618559725;B
20240216;102435;1616.6;1;9618560216;B
20240216;102436;1616.6;1;9618560388;B
20240216;102436;1616.6;5;9618560504;B
20240216;102439;1616.6;18;9618561026;B
20240216;102439;1616.4;1;9618561986;S
20240216;102439;1616.4;1;9618561987;S
20240216;102439;1616.4;1;9618561988;S
20240216;102440;1616.6;1;9618562023;B
20240216;102442;1616.6;13;9618563138;B
20240216;102442;1616.6;17;9618563139;B
20240216;102443;1616.8;10;9618563234;B
20240216;102446;1616.8;1;9618563863;B
20240216;102447;1616.8;10;9618563972;B
20240216;102448;1616.8;3;9618564056;B
20240216;102449;1616.4;1;9618564858;S
20240216;102449;1616.4;1;9618564859;S
20240216;102449;1616.4;2;9618564860;S
20240216;102449;1616.8;10;9618564882;B
20240216;102451;1617;10;9618565418;B
20240216;102451;1617;3;9618565618;B
20240216;102453;1617;10;9618566382;B
20240216;102457;1616.8;10;9618567418;S
20240216;102502;1616.8;1;9618568382;S
20240216;102503;1617;1;9618568479;B
20240216;102504;1617;2;9618568703;B
20240216;102507;1617;1;9618569329;B
20240216;102508;1617;1;9618570378;B
20240216;102509;1617;4;9618570425;B
20240216;102510;1616.8;51;9618571437;S
20240216;102510;1616.8;61;9618571438;S
20240216;102510;1616.6;198;9618571439;S
20240216;102517;1616.8;1;9618572627;B
20240216;102518;1616.6;21;9618572762;S
20240216;102519;1616.8;3;9618572813;B
20240216;102519;1616.8;1;9618572952;B
20240216;102525;1616.6;145;9618574456;S
20240216;102525;1616.8;6;9618574620;B
20240216;102526;1616.8;42;9618574653;B
20240216;102526;1616.8;1;9618574654;B
20240216;102526;1617;17;9618574655;B
20240216;102530;1617;1;9618577243;B
20240216;102532;1616.8;1;9618577595;S
20240216;102532;1616.6;14;9618577596;S
20240216;102535;1617;1;9618578127;B
20240216;102538;1616.8;1;9618578787;S
20240216;102538;1616.6;8;9618578788;S
20240216;102538;1616.6;20;9618578835;S
20240216;102543;1616.8;8;9618579948;B
20240216;102543;1616.8;8;9618579949;B
20240216;102549;1617;2;9618583059;B
20240216;102549;1617;1;9618583124;B
20240216;102550;1616.8;7;9618583243;S
20240216;102556;1616.8;1;9618584626;S
20240216;102558;1617;1;9618584928;B
20240216;102600;1617;3;9618585801;B
20240216;102600;1617;1;9618585865;B
20240216;102601;1616.8;54;9618585988;S
20240216;102601;1616.8;143;9618585989;S
20240216;102601;1617;120;9618586002;B
20240216;102602;1616.8;2;9618586126;S
20240216;102602;1616.8;5;9618586128;S
20240216;102602;1616.8;2;9618586129;S
20240216;102603;1616.8;60;9618586445;S
20240216;102603;1616.6;2;9618586446;S
20240216;102604;1616.8;1;9618587224;S
20240216;102605;1616.8;1;9618587364;S
20240216;102607;1616.8;1;9618587791;S
20240216;102611;1617;6;9618589168;B
20240216;102611;1617;1;9618589235;B
20240216;102613;1617;10;9618589540;B
20240216;102616;1617;1;9618591384;B
20240216;102617;1616.6;8;9618592151;S
20240216;102619;1617;3;9618592535;B
20240216;102619;1617;1;9618592643;B
20240216;102628;1616.6;22;9618594842;S
20240216;102629;1616.8;10;9618595583;B
20240216;102631;1616.8;1;9618596170;B
20240216;102631;1616.8;1;9618596275;B
20240216;102633;1616.6;7;9618596643;S
20240216;102635;1616.6;1;9618596956;S
20240216;102636;1616.8;1;9618597062;B
20240216;102638;1616.8;1;9618597359;B
20240216;102638;1616.6;9;9618597361;S
20240216;102638;1616.8;1;9618597391;B
20240216;102638;1616.8;20;9618597414;B
20240216;102639;1616.8;8;9618597521;B
20240216;102640;1616.8;1;9618597691;B
20240216;102641;1616.6;2;9618597782;S
20240216;102643;1616.6;36;9618598151;S
20240216;102645;1616.8;2;9618598499;B
20240216;102645;1616.8;1;9618598630;B
20240216;102648;1616.8;1;9618599019;B
20240216;102651;1616.6;23;9618599457;S
20240216;102654;1616.6;43;9618600267;S
20240216;102700;1616.6;40;9618601347;S
20240216;102701;1616.6;10;9618601552;S
20240216;102701;1616.6;50;9618601563;S
20240216;102702;1616.8;1;9618601671;B
20240216;102702;1616.8;15;9618601672;B
20240216;102702;1616.6;5;9618601719;S
20240216;102702;1616.6;5;9618601720;S
20240216;102703;1616.6;2;9618601900;S
20240216;102705;1616.6;5;9618602284;S
20240216;102705;1616.8;100;9618602285;B
20240216;102707;1616.6;20;9618602476;S
20240216;102708;1616.6;5;9618602666;S
20240216;102708;1616.6;30;9618602689;S
20240216;102711;1616.8;10;9618603285;B
20240216;102712;1616.8;15;9618603424;B
20240216;102712;1616.8;3;9618603459;B
20240216;102714;1616.8;2;9618603824;B
20240216;102718;1616.8;7;9618604730;B
20240216;102720;1616.6;4;9618605108;S
20240216;102722;1616.8;1;9618605382;B
20240216;102722;1616.8;2;9618605438;B
20240216;102723;1616.8;2;9618605456;B
20240216;102728;1616.6;1;9618606453;S
20240216;102728;1616.6;4;9618606455;S
20240216;102730;1616.8;60;9618606800;B
20240216;102735;1616.8;4;9618607734;B
20240216;102736;1616.6;21;9618607858;S
20240216;102736;1616.6;39;9618607859;S
20240216;102737;1616.6;3;9618608038;S
20240216;102738;1616.4;1;9618608129;S
20240216;102739;1616.2;2;9618608196;S
20240216;102739;1616.4;1;9618608259;B
20240216;102740;1616.4;1;9618608367;B
20240216;102740;1616.2;1;9618608383;S
20240216;102741;1616.4;2;9618608481;B
20240216;102741;1616.2;130;9618608576;S
20240216;102742;1616.4;1;9618608631;B
20240216;102742;1616.4;8;9618608750;B
20240216;102743;1616.4;1;9618608955;B
20240216;102744;1616.2;5;9618609247;S
20240216;102747;1616.4;1;9618609848;B
20240216;102748;1616.4;1;9618609941;B
20240216;102749;1616.4;2;9618610111;B
20240216;102750;1616.4;23;9618610166;B
20240216;102752;1616.2;62;9618610564;S
20240216;102754;1616.4;1;9618610852;B
20240216;102755;1616.4;22;9618611009;B
20240216;102755;1616.4;20;9618611010;B
20240216;102755;1616.4;185;9618611011;B
20240216;102755;1616.4;10;9618611012;B
20240216;102755;1616.4;10;9618611013;B
20240216;102755;1616.4;62;9618611014;B
20240216;102755;1616.4;29;9618611015;B
20240216;102756;1616.2;2;9618611142;S
20240216;102756;1616.2;3;9618611168;S
20240216;102756;1616.2;1;9618611169;S
20240216;102756;1616;2;9618611170;S
20240216;102756;1616;1;9618611171;S
20240216;102756;1616;15;9618611172;S
20240216;102756;1616.4;5;9618611272;B
20240216;102800;1616.2;2;9618611707;B
20240216;102801;1616.2;10;9618611900;B
20240216;102804;1616.2;60;9618612446;B
20240216;102804;1616.2;1;9618612490;B
20240216;102804;1616;1;9618612491;S
20240216;102807;1616;2;9618612985;S
20240216;102808;1616.2;15;9618613146;B
20240216;102810;1616;5;9618613671;S
20240216;102811;1616.2;124;9618613782;B
20240216;102812;1616.2;7;9618613880;B
20240216;102813;1616.2;22;9618614044;B
20240216;102814;1616.2;10;9618614217;B
20240216;102814;1616.2;6;9618614328;B
20240216;102818;1616.4;1;9618614801;B
20240216;102818;1616.4;6;9618614848;B
20240216;102820;1616.2;1;9618615086;S
20240216;102820;1616.4;3;9618615105;B
20240216;102821;1616.2;3;9618615192;S
20240216;102821;1616.2;47;9618615193;S
20240216;102821;1616;89;9618615245;S
20240216;102821;1616;5;9618615246;S
20240216;102821;1616;4;9618615247;S
20240216;102821;1616;1;9618615248;S
20240216;102821;1616;1;9618615249;S
20240216;102824;1616.4;1;9618615620;B
20240216;102825;1616.2;1;9618615755;S
20240216;102826;1616;2;9618615776;S
20240216;102828;1616.4;1;9618616014;B
20240216;102832;1616.2;1;9618616749;B
20240216;102832;1616.2;3;9618616850;B
20240216;102834;1616.2;5;9618616985;B
20240216;102834;1616.2;5;9618616986;B
20240216;102834;1616.2;1;9618617035;S
20240216;102834;1616.4;3;9618617190;B
20240216;102835;1616.4;30;9618617228;B
20240216;102841;1616.2;14;9618618280;S
20240216;102841;1616.2;1;9618618281;S
20240216;102841;1616;118;9618618282;S
20240216;102841;1616;3;9618618283;S
20240216;102841;1616;50;9618618284;S
20240216;102841;1616;187;9618618285;S
20240216;102841;1616;1;9618618286;S
20240216;102841;1616;2;9618618287;S
20240216;102841;1616;20;9618618288;S
20240216;102842;1616;3;9618618374;B
20240216;102842;1616.2;1;9618618375;B
20240216;102848;1616.6;1;9618619511;B
20240216;102858;1616.4;30;9618620915;B
20240216;102858;1615.8;10;9618620940;S
20240216;102900;1616.4;4;9618621185;B
20240216;102900;1616.4;59;9618621305;B
20240216;102901;1616;2;9618621400;S
20240216;102901;1615.8;1;9618621401;S
20240216;102906;1615.8;1;9618622232;S
20240216;102910;1615.8;20;9618622999;S
20240216;102911;1615.8;1;9618623069;S
20240216;102913;1616;1;9618623451;B
20240216;102916;1615.8;20;9618623819;S
20240216;102917;1616;1;9618624017;B
20240216;102917;1616.4;9;9618624018;B
20240216;102919;1616.2;1;9618624201;B
20240216;102920;1616.4;5;9618624302;B
20240216;102921;1616.4;1;9618624537;B
20240216;102922;1616;10;9618624707;S
20240216;102922;1615.8;490;9618624708;S
20240216;102923;1616.4;9;9618624720;B
20240216;102927;1616;4;9618625203;S
20240216;102927;1616;1;9618625204;S
20240216;102928;1615.8;19;9618625427;S
20240216;102932;1616;4;9618625903;B
20240216;102932;1616.2;1;9618625904;B
20240216;102934;1615.8;8;9618626165;S
20240216;102937;1616;20;9618626695;B
20240216;102938;1615.8;1;9618626872;S
20240216;102940;1615.8;1;9618627113;S
20240216;102940;1615.8;11;9618627121;S
20240216;102941;1616;1;9618627160;B
20240216;102942;1615.8;1;9618627361;S
20240216;102944;1615.8;10;9618627518;S
20240216;102947;1616;2;9618627888;B
20240216;102948;1616;1;9618628215;B
20240216;102949;1615.8;1;9618628271;S
20240216;102950;1616;1;9618628318;B
20240216;102950;1616;7;9618628390;B
20240216;102951;1615.8;20;9618628469;S
20240216;102952;1615.8;1;9618628556;S
20240216;102953;1615.8;1;9618628674;S
20240216;102954;1615.8;15;9618628777;S
20240216;102954;1615.8;30;9618628778;S
20240216;102956;1616;3;9618629077;B
20240216;102956;1616;2;9618629078;B
20240216;102956;1616;18;9618629080;B
20240216;103004;1615.8;1;9618630530;S
20240216;103006;1615.8;2;9618630938;S
20240216;103014;1616;1;9618631977;B
20240216;103020;1615.8;28;9618632998;S
20240216;103020;1615.8;1;9618632999;S
20240216;103020;1615.8;3;9618633000;S
20240216;103020;1615.8;2;9618633001;S
20240216;103020;1615.8;3;9618633002;S
20240216;103020;1615.8;4;9618633003;S
20240216;103020;1615.8;2;9618633004;S
20240216;103020;1615.8;4;9618633005;S
20240216;103020;1615.8;1;9618633006;S
20240216;103020;1615.8;1;9618633007;S
20240216;103020;1615.8;3;9618633008;S
20240216;103020;1615.8;81;9618633009;S
20240216;103020;1615.8;14;9618633010;S
20240216;103021;1615.8;2;9618633171;S
20240216;103022;1616;5;9618633256;B
20240216;103023;1615.8;189;9618633409;S
20240216;103024;1615.8;1;9618633458;B
20240216;103032;1615.8;1;9618634580;B
20240216;103034;1615.8;2;9618634863;B
20240216;103035;1615.8;1;9618635048;B
20240216;103036;1615.8;3;9618635162;B
20240216;103037;1615.6;1;9618635283;S
20240216;103037;1615.6;1;9618635284;S
20240216;103037;1615.8;8;9618635328;B
20240216;103040;1615.8;3;9618635669;B
20240216;103042;1615.6;3;9618635916;S
20240216;103045;1615.6;2;9618636421;S
20240216;103048;1615.8;2;9618636865;B
20240216;103051;1615.8;1;9618637594;B
20240216;103052;1615.8;12;9618637800;B
20240216;103052;1615.8;18;9618637801;B
20240216;103052;1615.6;1;9618637803;S
20240216;103052;1615.6;1;9618637806;S
20240216;103053;1615.8;3;9618637942;B
20240216;103054;1615.6;5;9618637979;S
20240216;103055;1615.6;11;9618638091;S
20240216;103056;1615.8;4;9618638256;B
20240216;103059;1615.8;2;9618638668;B
20240216;103100;1615.8;2;9618638788;B
20240216;103102;1615.8;1;9618639055;B
20240216;103102;1615.8;10;9618639059;B
20240216;103103;1615.6;2;9618639098;S
20240216;103104;1615.6;17;9618639381;S
20240216;103106;1615.6;1;9618639551;S
20240216;103107;1615.8;1;9618639617;B
20240216;103107;1615.8;1;9618639618;B
20240216;103107;1615.8;60;9618639619;B
20240216;103107;1615.8;5;9618639657;B
20240216;103108;1615.6;6;9618639738;S
20240216;103108;1615.6;1;9618639739;S
20240216;103111;1615.8;77;9618640284;B
20240216;103111;1615.8;1;9618640285;B
20240216;103111;1615.8;5;9618640286;B
20240216;103111;1615.8;52;9618640287;B
20240216;103111;1615.8;60;9618640288;B
20240216;103111;1615.8;5;9618640289;B
20240216;103115;1616;3;9618640721;B
20240216;103116;1615.8;1;9618640923;S
20240216;103118;1615.8;21;9618641081;S
20240216;103118;1615.6;33;9618641082;S
20240216;103118;1615.6;1;9618641083;S
20240216;103118;1615.6;4;9618641084;S
20240216;103118;1615.6;6;9618641238;S
20240216;103118;1615.6;7;9618641239;S
20240216;103118;1615.6;300;9618641240;S
20240216;103118;1615.6;1;9618641241;S
20240216;103118;1615.4;3;9618641242;S
20240216;103118;1615.4;5;9618641243;S
20240216;103118;1615.4;21;9618641244;S
20240216;103118;1615.4;1;9618641245;S
20240216;103118;1615.2;2;9618641246;S
20240216;103118;1615.2;7;9618641247;S
20240216;103118;1615.2;60;9618641248;S
20240216;103118;1615;5;9618641249;S
20240216;103118;1615;7;9618641250;S
20240216;103118;1615;50;9618641251;S
20240216;103118;1615;10;9618641252;S
20240216;103118;1615;2;9618641253;S
20240216;103118;1615;2;9618641254;S
20240216;103118;1615;83;9618641255;S
20240216;103120;1615;10;9618641558;S
20240216;103122;1615.8;22;9618641884;B
20240216;103122;1615.8;3;9618641885;B
20240216;103130;1615.8;2;9618642798;B
20240216;103130;1615;1;9618642839;S
20240216;103133;1615.8;31;9618643187;B
20240216;103136;1615;49;9618643755;S
20240216;103136;1615;2;9618643756;S
20240216;103136;1615;5;9618643757;S
20240216;103136;1615;1;9618643758;S
20240216;103136;1615;26;9618643759;S
20240216;103136;1615;1;9618643760;S
20240216;103136;1615;3;9618643761;S
20240216;103136;1615;1;9618643762;S
20240216;103136;1615;22;9618643763;S
20240216;103136;1615;10;9618643764;S
20240216;103136;1615;5;9618643765;S
20240216;103136;1614.8;22;9618643766;S
20240216;103136;1614.8;1;9618643767;S
20240216;103136;1614.8;12;9618643768;S
20240216;103139;1614.8;188;9618644066;S
20240216;103139;1614.6;12;9618644067;S
20240216;103139;1615.4;2;9618644107;B
20240216;103143;1615.4;2;9618644500;B
20240216;103146;1615.4;1;9618644816;B
20240216;103149;1615;1;9618645134;S
20240216;103149;1614.8;1;9618645135;S
20240216;103149;1615.4;4;9618645187;B
20240216;103151;1615;5;9618645485;S
20240216;103152;1615.4;1;9618645618;B
20240216;103152;1615.4;9;9618645619;B
20240216;103152;1615;25;9618645651;S
20240216;103153;1614.8;5;9618645844;S
20240216;103153;1614.8;1;9618645845;S
20240216;103153;1614.8;16;9618645846;S
20240216;103159;1615;1;9618646483;B
20240216;103202;1614.8;1;9618647052;S
20240216;103203;1615;1;9618647169;B
20240216;103205;1614.6;8;9618647448;S
20240216;103205;1614.6;1;9618647449;S
20240216;103205;1614.6;45;9618647450;S
20240216;103206;1615;1;9618647495;B
20240216;103207;1614.6;9;9618647648;B
20240216;103209;1615;2;9618647965;B
20240216;103209;1615;8;9618647966;B
20240216;103214;1615;1;9618648828;B
20240216;103214;1614.4;5;9618648829;S
20240216;103214;1614.4;5;9618648830;S
20240216;103215;1615;52;9618648989;B
20240216;103215;1615;6;9618649021;B
20240216;103215;1614.4;123;9618649035;S
20240216;103217;1614.2;6;9618649292;S
20240216;103223;1615;57;9618649991;B
20240216;103223;1615;3;9618649992;B
20240216;103223;1615;25;9618649999;B
20240216;103224;1614.4;1;9618650238;S
20240216;103224;1614.4;3;9618650239;S
20240216;103225;1615;1;9618650443;B
20240216;103229;1615;3;9618650754;B
20240216;103230;1615;1;9618650907;B
20240216;103232;1615;1;9618651156;B
20240216;103235;1615;4;9618651488;B
20240216;103236;1615;1;9618651633;B
20240216;103240;1614.8;1;9618652188;B
20240216;103241;1614.8;3;9618652384;B
20240216;103244;1614.8;1;9618652637;B
20240216;103246;1614.8;10;9618652838;B
20240216;103247;1614.6;62;9618652940;S
20240216;103247;1614.6;91;9618652941;S
20240216;103247;1614.4;176;9618652942;S
20240216;103247;1614.4;21;9618652943;S
20240216;103247;1614.2;4;9618652944;S
20240216;103247;1614.2;5;9618652945;S
20240216;103247;1614.2;5;9618652946;S
20240216;103247;1614.2;2;9618652947;S
20240216;103247;1614.2;1;9618652948;S
20240216;103247;1614.2;1;9618652949;S
20240216;103247;1614.2;39;9618652950;S
20240216;103247;1614.2;14;9618652951;S
20240216;103247;1614.4;62;9618652967;S
20240216;103247;1614.2;191;9618652968;S
20240216;103249;1614.4;1;9618653307;B
20240216;103250;1614.4;14;9618653401;B
20240216;103251;1614.2;43;9618653542;S
20240216;103252;1614.2;2;9618653640;S
20240216;103254;1614.4;5;9618653965;B
20240216;103256;1614.4;1;9618654190;B
20240216;103257;1614.4;2;9618654366;B
20240216;103258;1614.4;1;9618654413;B
20240216;103300;1614.2;21;9618654761;S
20240216;103300;1614.2;62;9618654762;S
20240216;103300;1614;17;9618654763;S
20240216;103300;1614;1;9618654797;S
20240216;103301;1614;2;9618654878;S
20240216;103303;1614;1;9618655227;S
20240216;103304;1614.2;1;9618655540;B
20240216;103304;1614.2;2;9618655544;B
20240216;103304;1614.2;26;9618655545;B
20240216;103304;1614.2;10;9618655546;B
20240216;103305;1614.4;1;9618655601;B
20240216;103306;1614.2;4;9618655821;S
20240216;103306;1614.2;21;9618655822;S
20240216;103306;1614.2;62;9618655823;S
20240216;103306;1614;229;9618655824;S
20240216;103310;1614.4;1;9618656726;B
20240216;103311;1614.4;4;9618656866;B
20240216;103311;1614.4;2;9618656906;S
20240216;103311;1614.2;28;9618656907;S
20240216;103314;1614.4;7;9618657171;B
20240216;103314;1614.2;1;9618657236;S
20240216;103314;1614.4;2;9618657278;B
20240216;103316;1614.4;8;9618657479;S
20240216;103316;1614.6;1;9618657548;B
20240216;103318;1614.4;15;9618657884;S
20240216;103318;1614.2;15;9618657885;S
20240216;103319;1614.6;1;9618658031;B
20240216;103321;1614.6;21;9618658323;B
20240216;103321;1614.2;62;9618658426;S
20240216;103321;1614;2;9618658427;S
20240216;103321;1614;7;9618658428;S
20240216;103321;1614;5;9618658429;S
20240216;103321;1614;4;9618658430;S
20240216;103321;1614;3;9618658431;S
20240216;103321;1614;1;9618658432;S
20240216;103321;1614;16;9618658433;S
20240216;103322;1614.4;2;9618658513;B
20240216;103326;1614.4;50;9618659336;B
20240216;103326;1614.8;2;9618659366;B
20240216;103330;1614.4;1;9618660028;S
20240216;103330;1614.8;1;9618660091;B
20240216;103331;1614.4;1;9618660145;S
20240216;103332;1614.8;21;9618660314;B
20240216;103336;1614.8;1;9618660951;B
20240216;103340;1614.8;2;9618661411;B
20240216;103340;1614.8;3;9618661470;B
20240216;103341;1614.8;5;9618661494;B
20240216;103346;1614.8;3;9618662256;B
20240216;103346;1614.8;1;9618662362;B
20240216;103353;1614.8;2;9618663336;B
20240216;103401;1615;4;9618664663;B
20240216;103412;1614.6;5;9618667247;B
20240216;103413;1614.4;1;9618667354;S
20240216;103414;1614.6;2;9618667516;B
20240216;103415;1614.6;2;9618667710;B
20240216;103415;1614.4;1;9618667789;S
20240216;103417;1614.6;10;9618667980;B
20240216;103417;1614.8;1;9618668091;S
20240216;103417;1614.6;21;9618668092;S
20240216;103417;1614.6;46;9618668093;S
20240216;103417;1615;1;9618668114;B
20240216;103419;1615;2;9618668308;B
20240216;103419;1614.6;18;9618668379;B
20240216;103419;1615;1;9618668386;B
20240216;103424;1615;3;9618669176;B
20240216;103427;1614.8;1;9618669707;B
20240216;103428;1614.8;7;9618669845;B
20240216;103428;1614.8;2;9618669905;B
20240216;103428;1615;8;9618669906;B
20240216;103430;1615;5;9618670199;B
20240216;103433;1614.8;1;9618670778;B
20240216;103434;1614.8;3;9618670992;B
20240216;103439;1614.8;1;9618671981;B
20240216;103441;1614.6;1;9618672369;S
20240216;103442;1614.6;37;9618672531;S
20240216;103450;1614.8;7;9618673977;B
20240216;103450;1614.8;18;9618673978;B
20240216;103453;1614.8;10;9618674310;B
20240216;103456;1615;1;9618674972;B
20240216;103457;1615;4;9618675011;B
20240216;103457;1615;14;9618675163;B
20240216;103458;1614.8;2;9618675291;S
20240216;103458;1614.8;1;9618675352;S
20240216;103459;1615;18;9618675488;B
20240216;103500;1615;4;9618675642;B
20240216;103500;1615;242;9618675643;B
20240216;103501;1615;7;9618675692;B
20240216;103502;1615;2;9618675873;B
20240216;103502;1615;17;9618675874;B
20240216;103502;1614.8;7;9618675911;S
20240216;103502;1615;34;9618675912;B
20240216;103503;1615;30;9618676007;B
20240216;103503;1615;2;9618676076;B
20240216;103504;1615;1;9618676108;B
20240216;103504;1614.8;1;9618676162;S
20240216;103505;1615;1;9618676389;B
20240216;103506;1615;1;9618676493;B
20240216;103506;1615;1;9618676527;B
20240216;103507;1615;37;9618676694;B
20240216;103509;1615;1;9618676953;B
20240216;103509;1615;4;9618676984;B
20240216;103510;1615;1;9618677109;B
20240216;103510;1615;1;9618677258;B
20240216;103511;1614.8;10;9618677337;S
20240216;103511;1614.8;45;9618677391;S
20240216;103511;1615;1;9618677392;B
20240216;103512;1615;1;9618677474;B
20240216;103512;1615;1;9618677509;B
20240216;103512;1615;1;9618677510;B
20240216;103513;1615;2;9618677665;B
20240216;103514;1615;1;9618677915;B
20240216;103516;1615;28;9618678261;B
20240216;103516;1615;13;9618678268;B
20240216;103516;1615;1;9618678318;B
20240216;103517;1615;1;9618678396;B
20240216;103517;1615;11;9618678485;B
20240216;103519;1615;70;9618678875;B
20240216;103519;1615;343;9618678876;B
20240216;103520;1614.8;7;9618678934;S
20240216;103520;1615;7;9618678997;B
20240216;103521;1615;1;9618679079;B
20240216;103527;1615;1;9618679835;B
20240216;103527;1614.8;1;9618679871;S
20240216;103528;1614.8;18;9618679890;S
20240216;103528;1614.8;121;9618679945;S
20240216;103528;1615;1;9618679977;B
20240216;103532;1615;1;9618680497;B
20240216;103534;1615;1;9618680755;B
20240216;103535;1614.8;1;9618680973;S
20240216;103539;1614.8;5;9618681437;S
20240216;103540;1614.8;1;9618681718;S
20240216;103541;1615;7;9618681854;B
20240216;103542;1614.8;43;9618681962;S
20240216;103544;1615;2;9618682318;B
20240216;103546;1615;25;9618682620;B
20240216;103549;1615;1;9618683137;B
20240216;103551;1615;1;9618683771;B
20240216;103552;1615;6;9618683812;B
20240216;103554;1615;1;9618684195;B
20240216;103555;1615;6;9618684409;B
20240216;103555;1615;1;9618684420;B
20240216;103555;1615;6;9618684424;B
20240216;103556;1615;4;9618684462;B
20240216;103556;1615;1;9618684546;B
20240216;103558;1615;1;9618684727;B
20240216;103559;1615;10;9618684904;B
20240216;103603;1615;1;9618685577;B
20240216;103605;1615;1;9618685910;B
20240216;103609;1615;1;9618686767;B
20240216;103610;1615;2;9618687223;B
20240216;103612;1615;34;9618687506;B
20240216;103612;1614.8;5;9618687509;S
20240216;103615;1615;1;9618687930;B
20240216;103615;1615;5;9618688015;B
20240216;103615;1614.8;62;9618688018;S
20240216;103615;1615;1;9618688044;B
20240216;103617;1615;1;9618688299;B
20240216;103617;1615;15;9618688402;B
20240216;103617;1615;58;9618688405;B
20240216;103620;1615;1;9618688913;B
20240216;103621;1614.8;125;9618689100;S
20240216;103623;1615;1;9618689397;B
20240216;103632;1614.8;26;9618690863;S
20240216;103632;1615;2;9618690964;B
20240216;103639;1614.8;40;9618691829;S
20240216;103640;1615;1;9618692045;B
20240216;103641;1614.8;18;9618692146;S
20240216;103643;1615;50;9618692485;B
20240216;103643;1615;1;9618692487;B
20240216;103644;1615;1;9618692679;B
20240216;103646;1615;100;9618692883;B
20240216;103701;1615;5;9618695534;B
20240216;103701;1615;4;9618695535;B
20240216;103703;1615;12;9618696023;B
20240216;103704;1615;10;9618696142;B
20240216;103709;1615;12;9618697284;B
20240216;103713;1615;1;9618697777;B
20240216;103716;1614.8;22;9618698380;S
20240216;103717;1614.8;1;9618698441;S
20240216;103717;1614.8;1;9618698450;S
20240216;103717;1614.8;1;9618698459;S
20240216;103717;1614.8;1;9618698468;S
20240216;103718;1615;5;9618698566;B
20240216;103720;1614.8;85;9618698867;S
20240216;103721;1615;1;9618699189;B
20240216;103725;1615;2;9618699913;B
20240216;103725;1615;1;9618699937;B
20240216;103730;1615;6;9618700610;B
20240216;103734;1615;1;9618701358;B
20240216;103734;1615;10;9618701372;B
20240216;103735;1614.8;2;9618701531;S
20240216;103736;1614.8;25;9618702066;S
20240216;103736;1614.8;13;9618702085;S
20240216;103736;1614.8;22;9618702350;S
20240216;103737;1614.8;9;9618702496;S
20240216;103738;1615;12;9618702711;B
20240216;103738;1614.8;24;9618702797;S
20240216;103738;1615;1;9618702803;B
20240216;103739;1614.8;22;9618702846;S
20240216;103741;1614.8;22;9618703263;S
20240216;103743;1615;10;9618703580;B
20240216;103743;1615;1;9618703610;B
20240216;103747;1615;34;9618704248;B
20240216;103748;1615;32;9618704433;B
20240216;103748;1615;1;9618704467;B
20240216;103750;1614.8;62;9618704760;S
20240216;103751;1615;100;9618705026;B
20240216;103751;1615;21;9618705050;B
20240216;103751;1615;50;9618705051;B
20240216;103753;1615;1;9618705226;B
20240216;103758;1614.8;139;9618706031;S
20240216;103758;1614.8;1;9618706032;S
20240216;103758;1614.8;1;9618706033;S
20240216;103758;1614.8;3;9618706034;S
20240216;103758;1614.8;37;9618706035;S
20240216;103758;1614.8;1;9618706036;S
20240216;103758;1614.8;32;9618706037;S
20240216;103758;1614.8;21;9618706038;S
20240216;103758;1614.8;1;9618706039;S
20240216;103758;1614.8;2;9618706040;S
20240216;103758;1614.8;1;9618706041;S
20240216;103758;1614.6;2;9618706042;S
20240216;103758;1614.6;59;9618706043;S
20240216;103758;1615;2;9618706088;B
20240216;103759;1615;1;9618706290;B
20240216;103759;1615;59;9618706292;B
20240216;103800;1614.8;109;9618706364;B
20240216;103802;1614.4;2;9618706746;S
20240216;103802;1614.4;2;9618706747;S
20240216;103802;1614.4;2;9618706748;S
20240216;103802;1614.4;2;9618706749;S
20240216;103802;1614.4;1;9618706750;S
20240216;103802;1614.4;6;9618706751;S
20240216;103804;1614.6;1;9618707120;B
20240216;103805;1614.6;1;9618707291;B
20240216;103812;1614.6;3;9618708410;B
20240216;103814;1614.4;4;9618708895;S
20240216;103814;1614.4;16;9618708896;S
20240216;103815;1614.4;3;9618708995;S
20240216;103815;1614.4;12;9618709036;S
20240216;103817;1614.4;2;9618709495;S
20240216;103817;1614.4;2;9618709582;S
20240216;103817;1614.4;1;9618709583;S
20240216;103817;1614.4;2;9618709584;S
20240216;103817;1614.2;9;9618709585;S
20240216;103817;1614.2;32;9618709638;S
20240216;103817;1614.2;45;9618709709;S
20240216;103817;1614.2;13;9618709751;S
20240216;103817;1614.2;1;9618709886;B
20240216;103817;1614.2;2;9618709903;B
20240216;103817;1614.2;1;9618709922;B
20240216;103817;1614.2;2;9618709923;B
20240216;103817;1614.2;2;9618709940;B
20240216;103817;1614.2;1;9618709995;B
20240216;103817;1614.2;2;9618709998;B
20240216;103817;1614.2;2;9618710001;B
20240216;103818;1614.2;1;9618710034;B
20240216;103818;1614.2;2;9618710035;B
20240216;103818;1614.2;2;9618710044;B
20240216;103818;1614.2;1;9618710104;B
20240216;103818;1614.4;2;9618710105;B
20240216;103818;1614.4;2;9618710108;B
20240216;103818;1614.4;1;9618710119;B
20240216;103818;1614.4;1;9618710120;S
20240216;103818;1614.4;2;9618710122;S
20240216;103818;1614.4;1;9618710124;S
20240216;103818;1614.4;1;9618710127;S
20240216;103818;1614.4;1;9618710134;S
20240216;103818;1614.4;93;9618710238;B
20240216;103818;1614.6;39;9618710239;B
20240216;103818;1614.6;16;9618710240;B
20240216;103820;1614;32;9618710721;S
20240216;103822;1614;4;9618711110;S
20240216;103823;1614;1;9618711335;S
20240216;103823;1614;1;9618711336;S
20240216;103823;1614;8;9618711337;S
20240216;103823;1614;9;9618711338;S
20240216;103823;1614;43;9618711339;S
20240216;103823;1614;5;9618711340;S
20240216;103823;1614.2;1;9618711447;B
20240216;103825;1614;1;9618711826;S
20240216;103829;1614;20;9618712838;S
20240216;103830;1614;4;9618713281;S
20240216;103830;1614;14;9618713282;S
20240216;103831;1614.2;4;9618713423;B
20240216;103831;1614.2;2;9618713444;B
20240216;103831;1614.2;16;9618713477;B
20240216;103831;1614;6;9618713505;S
20240216;103832;1614;16;9618713638;S
20240216;103833;1614.2;45;9618713957;B
20240216;103833;1614;4;9618713989;S
20240216;103833;1614;1;9618713990;S
20240216;103833;1614;10;9618713991;S
20240216;103833;1614;19;9618714124;S
20240216;103835;1614;1;9618714393;S
20240216;103835;1614.2;116;9618714598;B
20240216;103835;1614.2;38;9618714599;B
20240216;103835;1614.2;119;9618714600;B
20240216;103842;1614.2;15;9618716182;B
20240216;103842;1614.6;35;9618716183;B
20240216;103844;1614.6;2;9618716523;B
20240216;103853;1614;120;9618717873;S
20240216;103853;1614;1;9618717874;S
20240216;103853;1614;1;9618717875;S
20240216;103853;1614;3;9618717876;S
20240216;103853;1614;1;9618717877;S
20240216;103853;1614;10;9618717878;S
20240216;103853;1614;364;9618717879;S
20240216;103857;1614.6;2;9618718557;B
20240216;103902;1614.6;1;9618719798;B
20240216;103911;1614;20;9618721386;S
20240216;103918;1614;1;9618722401;S
20240216;103918;1614;20;9618722402;S
20240216;103918;1614;10;9618722427;S
20240216;103934;1614;10;9618724924;S
20240216;103939;1614.6;12;9618725735;B
20240216;103941;1614;5;9618725979;S
20240216;103947;1614.6;2;9618726974;B
20240216;103951;1614;1;9618727496;S
20240216;103952;1614.6;3;9618727605;B
20240216;103955;1614.6;3;9618728048;B
20240216;103955;1614.6;2;9618728049;B
20240216;104000;1614.6;37;9618728791;B
20240216;104000;1614.6;1;9618728792;B
20240216;104003;1614.6;1;9618729391;S
20240216;104005;1614.8;1;9618729577;B
20240216;104005;1614.6;10;9618729632;S
20240216;104006;1614.6;30;9618729802;S
20240216;104007;1614.8;1;9618729890;B
20240216;104008;1614.8;1;9618729996;B
20240216;104008;1614.6;1;9618730102;S
20240216;104009;1614.8;1;9618730232;B
20240216;104010;1614.8;1;9618730449;B
20240216;104015;1614.8;1;9618731102;B
20240216;104016;1614.6;10;9618731592;S
20240216;104022;1614.8;2;9618732289;B
20240216;104025;1614.8;2;9618732740;B
20240216;104025;1614.6;60;9618732797;S
20240216;104025;1614.6;3;9618732798;S
20240216;104025;1614.6;2;9618732799;S
20240216;104025;1614.6;2;9618732800;S
20240216;104025;1614.6;49;9618732801;S
20240216;104025;1614.6;2;9618732802;S
20240216;104025;1614.6;2;9618732803;S
20240216;104025;1614.6;1;9618732804;S
20240216;104026;1614.6;5;9618732817;B
20240216;104027;1614.4;1;9618733038;B
20240216;104027;1614.4;2;9618733046;B
20240216;104028;1614.4;25;9618733123;B
20240216;104032;1614.4;1;9618733741;B
20240216;104033;1614.4;5;9618733904;B
20240216;104036;1614.4;10;9618734351;B
20240216;104038;1614.4;2;9618734646;B
20240216;104039;1614.4;2;9618734765;B
20240216;104040;1614.4;3;9618734866;B
20240216;104043;1614.4;10;9618735217;B
20240216;104043;1614.2;1;9618735304;S
20240216;104043;1614.2;2;9618735305;S
20240216;104043;1614.2;2;9618735306;S
20240216;104043;1614.2;1;9618735307;S
20240216;104043;1614;154;9618735308;S
20240216;104043;1614;8;9618735309;S
20240216;104043;1614;1;9618735310;S
20240216;104043;1614;17;9618735311;S
20240216;104043;1614;14;9618735312;S
20240216;104044;1614.2;1;9618735350;B
