<DATE>;<TIME>;<LAST>;<VOL>;<ID>;<OPER>
20240126;095946;1609.4;2;9468463453;B
20240126;095946;1609.4;1;9468463454;B
20240126;095946;1609.4;4;9468463455;B
20240126;095946;1609.4;1;9468463456;B
20240126;095946;1609.4;1;9468463457;S
20240126;095946;1609.4;2;9468463458;B
20240126;095946;1609.4;1;9468463459;S
20240126;095946;1609.4;4;9468463460;S
20240126;095946;1609.4;1;9468463461;S
20240126;095946;1609.4;1;9468463462;S
20240126;095946;1609.4;1;9468463463;S
20240126;095946;1609.4;1;9468463464;S
20240126;095946;1609.4;42;9468463465;S
20240126;095946;1609.4;56;9468463466;B
20240126;095946;1609.4;2;9468463467;B
20240126;095946;1609.4;1;9468463468;B
20240126;095946;1609.4;20;9468463469;S
20240126;095946;1609.4;10;9468463470;B
20240126;095946;1609.4;10;9468463471;B
20240126;095946;1609.4;112;9468463472;B
20240126;095946;1609.4;1;9468463473;B
20240126;095946;1609.4;4;9468463474;B
20240126;095946;1609.4;56;9468463475;B
20240126;095946;1609.4;61;9468463476;B
20240126;095946;1609.4;220;9468463477;B
20240126;095946;1609.4;5;9468463478;B
20240126;095946;1609.4;126;9468463479;B
20240126;095946;1609.4;10;9468463480;S
20240126;095946;1609.4;464;9468463481;S
20240126;095946;1609.4;36;9468463482;S
20240126;100000;1609.4;64;9468469718;B
20240126;100000;1609.4;36;9468469719;B
20240126;100000;1609.4;100;9468469992;B
20240126;100000;1609.6;14;9468470289;B
20240126;100000;1609.6;56;9468470290;B
20240126;100001;1609.2;1;9468470825;S
20240126;100002;1609.6;100;9468471822;B
20240126;100002;1609.6;100;9468471825;B
20240126;100002;1609;1;9468472122;S
20240126;100002;1609;1;9468472123;S
20240126;100002;1609;3;9468472124;S
20240126;100002;1609;5;9468472125;S
20240126;100002;1609;2;9468472126;S
20240126;100002;1609;1;9468472127;S
20240126;100002;1609;1;9468472128;S
20240126;100002;1609;1;9468472129;S
20240126;100002;1609;14;9468472130;S
20240126;100002;1609;36;9468472178;S
20240126;100002;1609;27;9468472179;S
20240126;100002;1609;31;9468472180;S
20240126;100002;1609;1;9468472181;S
20240126;100002;1609;5;9468472182;S
20240126;100002;1609.6;587;9468472282;B
20240126;100004;1609.6;10;9468473554;B
20240126;100004;1609.6;1;9468473598;B
20240126;100005;1609.6;9;9468474452;B
20240126;100005;1609;3;9468475136;S
20240126;100005;1609.6;1;9468475220;B
20240126;100005;1609.6;1;9468475481;B
20240126;100005;1609.6;1;9468475881;B
20240126;100006;1609;1;9468475976;S
20240126;100006;1609.6;100;9468476202;B
20240126;100006;1609.6;34;9468476205;B
20240126;100006;1609.6;31;9468476206;B
20240126;100006;1609.8;12;9468476285;B
20240126;100006;1609.6;3;9468476831;S
20240126;100006;1609.8;1;9468477030;B
20240126;100006;1609.8;1;9468477031;B
20240126;100006;1609.8;6;9468477224;B
20240126;100007;1609.6;30;9468477533;S
20240126;100007;1609.8;1;9468477731;B
20240126;100008;1609.6;2;9468478536;S
20240126;100010;1609.8;1;9468479107;B
20240126;100010;1609;1;9468479201;S
20240126;100010;1609.8;1;9468479219;B
20240126;100010;1609.8;1;9468479233;B
20240126;100010;1609.8;26;9468479375;B
20240126;100010;1609.8;7;9468479376;B
20240126;100010;1609.4;10;9468479442;B
20240126;100015;1609.4;100;9468480583;B
20240126;100018;1609.4;8;9468481558;B
20240126;100020;1609;3;9468482088;S
20240126;100021;1609.4;2;9468482334;B
20240126;100021;1609;2;9468482398;S
20240126;100025;1609;7;9468483065;S
20240126;100025;1609.4;100;9468483141;B
20240126;100026;1609;20;9468483487;S
20240126;100029;1609.2;3;9468484435;B
20240126;100029;1609.4;2;9468484436;B
20240126;100031;1609.4;2;9468484754;B
20240126;100033;1609.2;1;9468485267;S
20240126;100033;1609;30;9468485400;S
20240126;100034;1609;2;9468485595;S
20240126;100037;1609.4;9;9468486133;B
20240126;100038;1609;20;9468486384;S
20240126;100043;1609;10;9468487594;S
20240126;100044;1609;1;9468487699;S
20240126;100049;1609;1;9468488942;S
20240126;100051;1609;5;9468489324;S
20240126;100054;1609.4;150;9468489946;B
20240126;100103;1609;1;9468491823;S
20240126;100103;1609.2;42;9468491900;B
20240126;100103;1609.4;8;9468491901;B
20240126;100112;1609;6;9468493458;S
20240126;100118;1609.2;163;9468494422;S
20240126;100118;1609;28;9468494423;S
20240126;100118;1609;1;9468494424;S
20240126;100118;1608.4;72;9468494425;S
20240126;100121;1608.8;2;9468495032;S
20240126;100121;1608.6;58;9468495033;S
20240126;100124;1609.2;1;9468495601;B
20240126;100124;1609.4;3;9468495602;B
20240126;100130;1608.6;73;9468496832;S
20240126;100132;1608.6;2;9468497245;S
20240126;100138;1608.6;30;9468498136;S
20240126;100140;1608.6;6;9468498339;B
20240126;100140;1608.6;36;9468498358;B
20240126;100149;1608.6;50;9468500570;S
20240126;100152;1608.8;10;9468501247;B
20240126;100153;1608.8;63;9468501389;B
20240126;100153;1608.8;37;9468501390;B
20240126;100153;1608.6;17;9468501398;S
20240126;100153;1608.4;32;9468501399;S
20240126;100153;1608.2;1;9468501400;S
20240126;100153;1608;8;9468501401;S
20240126;100153;1608;2;9468501402;S
20240126;100153;1608;3;9468501403;S
20240126;100153;1608;164;9468501404;S
20240126;100200;1608.8;2;9468502729;B
20240126;100200;1608;2;9468502755;S
20240126;100208;1608;19;9468503894;S
20240126;100208;1607.8;23;9468503895;S
20240126;100208;1607.6;5;9468503896;S
20240126;100208;1607.4;112;9468503897;S
20240126;100208;1607.4;65;9468503898;S
20240126;100208;1607.4;100;9468503899;B
20240126;100208;1607.4;100;9468503900;B
20240126;100208;1607.4;100;9468503901;B
20240126;100208;1607.4;92;9468503902;B
20240126;100208;1608;8;9468503903;B
20240126;100208;1607.2;44;9468503915;S
20240126;100208;1607.2;154;9468503916;S
20240126;100214;1607;5;9468504883;S
20240126;100215;1607.8;5;9468504996;B
20240126;100215;1608;5;9468504997;B
20240126;100216;1607;1;9468505165;S
20240126;100221;1608;10;9468505969;B
20240126;100224;1607.4;46;9468506474;S
20240126;100224;1607.2;3;9468506475;S
20240126;100224;1607.2;23;9468506476;S
20240126;100224;1607.2;63;9468506477;S
20240126;100224;1607.2;4;9468506501;B
20240126;100225;1607.2;150;9468506538;B
20240126;100226;1607.2;10;9468506740;B
20240126;100229;1606.8;6;9468507217;S
20240126;100230;1606.8;21;9468507402;S
20240126;100231;1607.2;10;9468507489;B
20240126;100233;1607;1;9468507954;S
20240126;100233;1606.8;3;9468507955;S
20240126;100233;1606.8;37;9468507956;S
20240126;100233;1606.8;63;9468507957;S
20240126;100234;1606.6;2;9468508065;S
20240126;100234;1606.4;1;9468508066;S
20240126;100234;1606.4;10;9468508067;S
20240126;100234;1606.4;47;9468508068;S
20240126;100235;1606.8;10;9468508258;B
20240126;100238;1606;1;9468508606;S
20240126;100238;1606;2;9468508607;S
20240126;100238;1605.8;123;9468508608;S
20240126;100238;1605.6;250;9468508609;S
20240126;100238;1605.6;186;9468508610;S
20240126;100238;1605.4;477;9468508611;S
20240126;100240;1606;3;9468508776;B
20240126;100240;1606.2;7;9468508777;B
20240126;100240;1606.2;56;9468508825;B
20240126;100240;1606.2;44;9468508826;B
20240126;100243;1605.6;6;9468509239;S
20240126;100243;1605.4;30;9468509240;S
20240126;100243;1605.2;3;9468509241;S
20240126;100243;1605.2;2;9468509242;S
20240126;100243;1605.2;40;9468509243;S
20240126;100244;1606;23;9468509486;B
20240126;100244;1606.2;16;9468509487;B
20240126;100244;1606.4;11;9468509488;B
20240126;100246;1606.2;6;9468509720;B
20240126;100249;1606.2;2;9468510124;B
20240126;100249;1606.2;48;9468510125;B
20240126;100253;1605.2;2;9468510712;S
20240126;100254;1606.4;50;9468510796;B
20240126;100258;1606.4;10;9468511327;B
20240126;100258;1606.4;40;9468511328;B
20240126;100300;1606;100;9468511567;S
20240126;100300;1605.8;23;9468511568;S
20240126;100300;1605.4;63;9468511569;S
20240126;100300;1605.4;63;9468511570;S
20240126;100300;1605.4;1;9468511571;S
20240126;100301;1606.6;2;9468511852;B
20240126;100301;1606.6;10;9468511853;B
20240126;100302;1606.4;23;9468512017;B
20240126;100302;1606.4;27;9468512018;B
20240126;100305;1606.4;1;9468512455;B
20240126;100326;1606.4;32;9468516157;B
20240126;100326;1606.4;18;9468516158;B
20240126;100327;1606.4;3;9468516352;B
20240126;100328;1606.2;3;9468516601;S
20240126;100328;1606;1;9468516602;S
20240126;100331;1606.4;39;9468517477;B
20240126;100331;1606.4;11;9468517478;B
20240126;100333;1606.4;20;9468517914;B
20240126;100333;1606.4;4;9468517915;B
20240126;100338;1606.4;1;9468519483;B
20240126;100342;1606.4;4;9468520395;B
20240126;100342;1606.4;50;9468520446;B
20240126;100343;1606.4;1;9468520494;B
20240126;100345;1606.2;50;9468520858;S
20240126;100345;1606.2;15;9468520859;S
20240126;100345;1606;35;9468520860;S
20240126;100346;1606;14;9468521010;S
20240126;100346;1606;1;9468521011;S
20240126;100346;1605.6;63;9468521012;S
20240126;100346;1605.6;52;9468521013;S
20240126;100354;1606;4;9468522712;B
20240126;100354;1606;1;9468522713;B
20240126;100354;1606;59;9468522724;B
20240126;100354;1606.2;60;9468522725;B
20240126;100354;1606.4;440;9468522726;B
20240126;100354;1606.4;262;9468522727;B
20240126;100354;1606.8;179;9468522728;B
20240126;100405;1606;3;9468524321;S
20240126;100405;1606.8;187;9468524454;B
20240126;100424;1606;10;9468528088;S
20240126;100428;1606.8;100;9468528715;B
20240126;100429;1606.8;1;9468528891;B
20240126;100437;1606.8;90;9468530020;B
20240126;100437;1606.8;10;9468530021;B
20240126;100441;1606.8;46;9468530841;B
20240126;100441;1606.8;54;9468530842;B
20240126;100444;1606.8;6;9468531653;B
20240126;100444;1606.8;44;9468531654;B
20240126;100446;1606.8;10;9468531995;B
20240126;100447;1606.8;1;9468532338;B
20240126;100457;1606.8;1;9468534080;B
20240126;100501;1606.4;20;9468534561;S
20240126;100503;1606.4;399;9468534980;S
20240126;100503;1606;50;9468534981;S
20240126;100503;1606;1;9468534982;S
20240126;100503;1606;200;9468534983;S
20240126;100503;1606;25;9468534984;S
20240126;100503;1605.8;23;9468534985;S
20240126;100503;1605.8;30;9468534986;S
20240126;100503;1605.6;12;9468534987;S
20240126;100503;1605.2;50;9468534988;S
20240126;100503;1605.2;63;9468534989;S
20240126;100503;1605;50;9468534990;S
20240126;100503;1605;43;9468534991;S
20240126;100503;1605;3;9468534992;S
20240126;100503;1605;89;9468534993;S
20240126;100503;1605;1;9468534994;S
20240126;100503;1605;1;9468534995;S
20240126;100503;1605;20;9468534996;S
20240126;100503;1605;50;9468534997;S
20240126;100503;1604.8;60;9468534998;S
20240126;100503;1604.6;1;9468534999;S
20240126;100503;1604.6;3;9468535000;S
20240126;100503;1604.6;25;9468535001;S
20240126;100503;1604.4;51;9468535002;S
20240126;100503;1604.6;10;9468535057;S
20240126;100503;1604.6;23;9468535058;S
20240126;100503;1604.6;63;9468535059;S
20240126;100503;1604.6;4;9468535060;S
20240126;100504;1604.6;59;9468535088;S
20240126;100504;1604.6;63;9468535089;S
20240126;100504;1604.4;273;9468535090;S
20240126;100504;1605;1;9468535127;S
20240126;100504;1604.4;102;9468535128;S
20240126;100509;1605.4;10;9468536163;B
20240126;100510;1605.4;50;9468536347;B
20240126;100513;1605.4;50;9468536931;B
20240126;100515;1605.4;4;9468537348;B
20240126;100517;1605.4;50;9468537668;B
20240126;100521;1605.6;4;9468538243;B
20240126;100521;1606;46;9468538244;B
20240126;100526;1605.6;1;9468538986;S
20240126;100529;1605.4;7;9468539457;S
20240126;100530;1606;7;9468539607;B
20240126;100531;1605.4;3;9468539759;S
20240126;100531;1605.2;5;9468539760;S
20240126;100531;1605;1;9468539761;S
20240126;100531;1604.6;63;9468539762;S
20240126;100531;1604.6;60;9468539763;S
20240126;100531;1604.4;68;9468539764;S
20240126;100539;1604.6;3;9468541006;B
20240126;100540;1604.6;10;9468541104;B
20240126;100542;1604.4;1;9468541305;S
20240126;100543;1604.6;10;9468541462;B
20240126;100544;1604.6;29;9468541541;B
20240126;100546;1605.8;2;9468541956;S
20240126;100550;1605.8;100;9468542527;S
20240126;100550;1604.4;1;9468542551;S
20240126;100553;1606.4;2;9468542899;B
20240126;100553;1606.4;2;9468542900;B
20240126;100553;1606.6;6;9468542901;B
20240126;100553;1606.4;23;9468542902;B
20240126;100559;1606.6;1;9468543785;B
20240126;100604;1606.6;4;9468544612;B
20240126;100605;1606.4;1;9468544697;S
20240126;100606;1606.4;29;9468545031;S
20240126;100609;1606.4;1;9468545614;S
20240126;100613;1606.4;472;9468546268;S
20240126;100613;1606.4;10;9468546269;S
20240126;100613;1605.2;18;9468546270;S
20240126;100614;1605.4;10;9468546284;B
20240126;100620;1605.4;50;9468547262;B
20240126;100624;1605.4;1;9468547905;B
20240126;100629;1605.4;64;9468548598;B
20240126;100633;1605.4;60;9468549170;B
20240126;100633;1605.4;40;9468549171;B
20240126;100633;1604.6;1;9468549202;S
20240126;100633;1604.6;10;9468549203;S
20240126;100633;1604.6;9;9468549204;S
20240126;100637;1605.6;23;9468549788;B
20240126;100637;1605.6;1;9468549789;B
20240126;100637;1605.6;5;9468549790;B
20240126;100637;1605.6;21;9468549791;B
20240126;100639;1605.4;44;9468550005;S
20240126;100648;1605.8;3;9468551396;B
20240126;100655;1605.6;31;9468552173;S
20240126;100657;1606;18;9468552427;B
20240126;100657;1606;28;9468552553;B
20240126;100659;1605.8;16;9468552810;S
20240126;100659;1606.4;1;9468552907;B
20240126;100702;1606;80;9468553445;S
20240126;100702;1606.4;30;9468553548;B
20240126;100705;1606.4;69;9468554057;B
20240126;100706;1606;25;9468554167;S
20240126;100706;1605.6;75;9468554168;S
20240126;100707;1605.6;180;9468554349;S
20240126;100707;1605.4;48;9468554350;S
20240126;100711;1605.4;1;9468555052;S
20240126;100714;1605.4;14;9468555333;S
20240126;100716;1605.4;3;9468555665;B
20240126;100717;1605;1;9468555809;S
20240126;100717;1604.8;9;9468555810;S
20240126;100725;1605.4;10;9468556948;B
20240126;100729;1605.4;3;9468557638;B
20240126;100729;1605;20;9468557671;S
20240126;100731;1605;1;9468557891;B
20240126;100736;1604.8;2;9468558662;S
20240126;100737;1605;2;9468558860;B
20240126;100739;1605;8;9468559021;B
20240126;100739;1605.4;26;9468559022;B
20240126;100739;1605.4;6;9468559023;B
20240126;100739;1605.4;10;9468559024;B
20240126;100747;1604.8;1;9468560439;S
20240126;100748;1605;1;9468560458;B
20240126;100759;1605;1;9468561992;B
20240126;100759;1605.2;1;9468562021;B
20240126;100806;1605;3;9468563213;S
20240126;100806;1605;1;9468563284;B
20240126;100807;1605;3;9468563422;B
20240126;100816;1604.8;1;9468564635;S
20240126;100818;1605;1;9468564897;B
20240126;100819;1604.8;1;9468565085;S
20240126;100820;1605;5;9468565173;B
20240126;100823;1605;25;9468565450;B
20240126;100825;1605;1;9468565661;B
20240126;100827;1604.8;1;9468565997;S
20240126;100831;1604.8;5;9468566557;S
20240126;100832;1604.8;200;9468566610;B
20240126;100835;1604.6;1;9468567046;S
20240126;100835;1604.6;9;9468567047;S
20240126;100835;1604.4;30;9468567048;S
20240126;100835;1604;3;9468567049;S
20240126;100835;1604;10;9468567050;S
20240126;100835;1604;1;9468567051;S
20240126;100835;1604;1;9468567052;S
20240126;100835;1604;23;9468567053;S
20240126;100835;1604;30;9468567054;S
20240126;100835;1604;61;9468567055;S
20240126;100835;1603.8;31;9468567056;S
20240126;100836;1603.4;10;9468567200;S
20240126;100836;1603.4;40;9468567233;S
20240126;100836;1603.4;1;9468567234;S
20240126;100836;1603.4;40;9468567235;S
20240126;100836;1603.4;2;9468567236;S
20240126;100836;1603.4;10;9468567237;S
20240126;100836;1603.4;60;9468567288;S
20240126;100837;1603.6;1;9468567373;B
20240126;100839;1603.8;50;9468567693;B
20240126;100839;1603.8;3;9468567763;B
20240126;100842;1603.8;50;9468568087;B
20240126;100845;1604;6;9468568549;B
20240126;100845;1604;50;9468568641;B
20240126;100846;1604;50;9468568717;B
20240126;100848;1603.8;1;9468569158;S
20240126;100848;1604;2;9468569159;B
20240126;100849;1604;50;9468569249;B
20240126;100852;1604;30;9468569616;B
20240126;100853;1603.8;3;9468569770;S
20240126;100853;1604;4;9468569771;B
20240126;100854;1604;3;9468569825;B
20240126;100854;1604;50;9468569906;B
20240126;100856;1603.8;59;9468570134;S
20240126;100856;1603.8;1;9468570135;S
20240126;100856;1603.8;63;9468570136;S
20240126;100856;1603.6;33;9468570137;S
20240126;100857;1603.6;50;9468570320;S
20240126;100901;1603.6;50;9468570777;S
20240126;100902;1604;2;9468570976;B
20240126;100904;1603.6;50;9468571292;S
20240126;100904;1603.6;50;9468571312;S
20240126;100904;1604;1;9468571318;B
20240126;100906;1604;50;9468571520;B
20240126;100908;1603.8;1;9468571769;S
20240126;100908;1604;2;9468571790;B
20240126;100913;1604;1;9468572530;B
20240126;100915;1604;2;9468572822;B
20240126;100917;1603.8;1;9468573003;S
20240126;100920;1604;297;9468573428;B
20240126;100920;1604;14;9468573429;B
20240126;100922;1604.4;4;9468573622;B
20240126;100926;1604.4;1;9468574228;B
20240126;100926;1604.6;1;9468574241;B
20240126;100926;1604.8;295;9468574242;B
20240126;100926;1604.8;36;9468574243;B
20240126;100926;1605;11;9468574244;B
20240126;100926;1605;2;9468574245;B
20240126;100926;1605;20;9468574246;B
20240126;100926;1605;23;9468574247;B
20240126;100926;1605;4;9468574248;B
20240126;100926;1605;31;9468574249;B
20240126;100926;1605.4;50;9468574250;B
20240126;100926;1605.4;27;9468574251;B
20240126;100928;1604.8;11;9468574679;S
20240126;100928;1604;2;9468574680;S
20240126;100928;1604;12;9468574681;S
20240126;100928;1604;1;9468574682;S
20240126;100928;1604;1;9468574683;S
20240126;100928;1604;23;9468574684;S
20240126;100928;1604;60;9468574685;S
20240126;100928;1603.6;1;9468574686;S
20240126;100928;1603.4;27;9468574687;S
20240126;100938;1605;5;9468576127;B
20240126;100940;1604;3;9468576392;S
20240126;100940;1604;1;9468576393;S
20240126;100940;1603.8;63;9468576394;S
20240126;100940;1603.8;63;9468576395;S
20240126;100940;1603.6;310;9468576396;S
20240126;100940;1603.6;60;9468576397;S
20240126;100940;1603.4;60;9468576398;S
20240126;100940;1603.2;50;9468576399;S
20240126;100940;1603.2;40;9468576400;S
20240126;100941;1603.2;10;9468576494;S
20240126;100949;1604.6;1;9468577560;B
20240126;100957;1604.6;1;9468578703;B
20240126;101003;1603.6;1;9468579886;S
20240126;101005;1604;25;9468580137;S
20240126;101005;1603.8;10;9468580138;S
20240126;101005;1603.8;50;9468580139;S
20240126;101005;1603.6;62;9468580140;S
20240126;101005;1603.6;53;9468580141;S
20240126;101014;1604.8;10;9468581436;B
20240126;101019;1603.8;35;9468582112;S
20240126;101020;1604.8;2;9468582349;B
20240126;101020;1604.8;26;9468582350;B
20240126;101030;1603.8;1;9468583702;S
20240126;101031;1603.8;62;9468584153;S
20240126;101031;1603.8;1;9468584154;S
20240126;101031;1603.8;43;9468584155;S
20240126;101034;1604.8;92;9468584447;B
20240126;101034;1604.8;50;9468584448;B
20240126;101034;1605;1;9468584450;B
20240126;101034;1605;23;9468584451;B
20240126;101042;1605;10;9468585646;S
20240126;101044;1605;53;9468585968;S
20240126;101044;1605;60;9468585969;S
20240126;101044;1604.8;100;9468585970;S
20240126;101057;1605;1;9468587828;S
20240126;101110;1605.4;4;9468589821;B
20240126;101112;1605;1;9468590180;S
20240126;101112;1604.8;4;9468590181;S
20240126;101113;1605.4;20;9468590527;B
20240126;101115;1605.4;1;9468590800;B
20240126;101119;1604.8;1;9468591538;S
20240126;101120;1604.8;54;9468591699;S
20240126;101120;1604.6;46;9468591700;S
20240126;101130;1605.4;5;9468592976;B
20240126;101130;1605.4;3;9468593027;B
20240126;101136;1605;20;9468593805;S
20240126;101144;1605.4;3;9468595221;B
20240126;101145;1605.6;1;9468595389;B
20240126;101154;1605.4;63;9468596854;S
20240126;101154;1605.4;189;9468596855;S
20240126;101154;1605.4;10;9468596856;S
20240126;101154;1605.2;1;9468596857;S
20240126;101154;1605.2;60;9468596858;S
20240126;101154;1605;60;9468596859;S
20240126;101154;1604.8;23;9468596860;S
20240126;101154;1604.6;30;9468596861;S
20240126;101154;1604.6;3;9468596862;S
20240126;101154;1604.2;61;9468596863;S
20240126;101202;1605.8;1;9468598548;B
20240126;101212;1605.8;6;9468600090;B
20240126;101212;1605.8;7;9468600091;B
20240126;101215;1604.6;63;9468600578;S
20240126;101215;1604.6;63;9468600579;S
20240126;101215;1604.4;7;9468600580;S
20240126;101215;1604.4;60;9468600581;S
20240126;101215;1604.4;60;9468600582;S
20240126;101215;1604.2;1;9468600583;S
20240126;101215;1604.2;23;9468600584;S
20240126;101215;1604.2;33;9468600585;S
20240126;101215;1604;190;9468600586;S
20240126;101222;1604.4;14;9468601749;S
20240126;101222;1605.6;1;9468601761;B
20240126;101223;1605.6;5;9468601968;B
20240126;101236;1605.6;17;9468603694;B
20240126;101236;1605.6;1;9468603695;B
20240126;101249;1605.6;57;9468605375;S
20240126;101249;1605.4;63;9468605376;S
20240126;101249;1605.4;4;9468605377;S
20240126;101254;1605.6;1;9468606294;S
20240126;101254;1605.4;59;9468606295;S
20240126;101254;1605.4;45;9468606296;S
20240126;101254;1605.2;680;9468606297;S
20240126;101254;1605;60;9468606298;S
20240126;101255;1604.8;3;9468606427;S
20240126;101256;1605;1;9468606517;B
20240126;101300;1604.8;10;9468607117;S
20240126;101300;1604.8;47;9468607118;S
20240126;101300;1604.8;60;9468607119;S
20240126;101300;1604.6;150;9468607120;S
20240126;101300;1604.6;308;9468607121;S
20240126;101300;1604.6;20;9468607122;S
20240126;101305;1605;1;9468607788;B
20240126;101307;1605;2;9468608638;B
20240126;101313;1604.8;14;9468609516;S
20240126;101321;1604.8;16;9468610843;S
20240126;101323;1604.4;1;9468611153;S
20240126;101325;1604.4;2;9468611425;S
20240126;101332;1604.8;4;9468612362;B
20240126;101332;1605;1;9468612368;B
20240126;101333;1604.8;6;9468612601;S
20240126;101338;1604.8;30;9468613307;S
20240126;101342;1605;1;9468613819;B
20240126;101352;1605;1;9468615293;B
20240126;101356;1605;10;9468615846;B
20240126;101401;1604.8;3;9468616537;S
20240126;101404;1605;1;9468616852;B
20240126;101405;1604.8;7;9468616934;S
20240126;101405;1604.8;2;9468616935;S
20240126;101405;1604.8;2;9468616936;S
20240126;101405;1604.8;3;9468616937;S
20240126;101405;1604.4;7;9468616938;S
20240126;101405;1604.4;100;9468616939;S
20240126;101405;1604.2;30;9468616940;S
20240126;101405;1604;49;9468616941;S
20240126;101405;1604.6;1;9468616993;B
20240126;101408;1604.6;30;9468617568;B
20240126;101417;1604.2;8;9468618546;S
20240126;101417;1604;192;9468618547;S
20240126;101419;1604.8;63;9468618818;B
20240126;101419;1604.8;20;9468618819;B
20240126;101419;1604.8;3;9468618820;B
20240126;101419;1604.8;14;9468618821;B
20240126;101427;1604.2;11;9468619796;S
20240126;101432;1605;100;9468620358;B
20240126;101438;1605;12;9468621101;B
20240126;101441;1604.2;6;9468621453;S
20240126;101441;1604.2;78;9468621454;B
20240126;101441;1604;10;9468621460;S
20240126;101446;1604;59;9468622099;S
20240126;101446;1604;1;9468622100;S
20240126;101446;1604;1;9468622101;S
20240126;101446;1604;1;9468622102;S
20240126;101446;1604;2;9468622103;S
20240126;101446;1604;10;9468622104;S
20240126;101446;1604;5;9468622105;S
20240126;101446;1603.8;30;9468622106;S
20240126;101446;1603.8;1;9468622107;S
20240126;101446;1603.6;20;9468622108;S
20240126;101450;1603.6;13;9468622765;S
20240126;101451;1604;5;9468622913;B
20240126;101453;1603.6;487;9468623134;S
20240126;101453;1603.4;33;9468623135;S
20240126;101454;1604.2;1;9468623326;B
20240126;101455;1604.2;1;9468623461;B
20240126;101502;1604.2;1;9468624296;B
20240126;101503;1604;1;9468624562;S
20240126;101504;1604.2;1;9468624615;B
20240126;101504;1604;1;9468624638;S
20240126;101504;1604;1;9468624655;S
20240126;101504;1604;1;9468624674;S
20240126;101505;1604;1;9468624891;S
20240126;101505;1604;1;9468624909;S
20240126;101505;1604.2;3;9468624945;B
20240126;101505;1604;379;9468624963;S
20240126;101506;1603.8;1;9468625014;S
20240126;101506;1603.8;1;9468625031;S
20240126;101507;1604;1;9468625234;B
20240126;101507;1603.8;1;9468625254;S
20240126;101507;1603.8;1;9468625289;S
20240126;101507;1603.8;1;9468625308;S
20240126;101507;1603.8;1;9468625334;S
20240126;101508;1603.8;1;9468625426;S
20240126;101508;1603.8;1;9468625436;S
20240126;101508;1603.8;1;9468625448;S
20240126;101508;1603.8;1;9468625486;S
20240126;101509;1603.8;1;9468625695;S
20240126;101509;1603.8;1;9468625704;S
20240126;101509;1603.8;1;9468625726;S
20240126;101509;1603.8;1;9468625730;S
20240126;101510;1603.8;1;9468625821;S
20240126;101510;1603.8;1;9468625825;S
20240126;101510;1603.8;1;9468625911;S
20240126;101511;1603.8;1;9468625943;S
20240126;101511;1604;62;9468625964;B
20240126;101511;1604;13;9468625965;B
20240126;101511;1604;60;9468625966;B
20240126;101511;1604.2;1;9468625986;B
20240126;101511;1604;1;9468626058;S
20240126;101511;1604;1;9468626099;S
20240126;101512;1604;63;9468626136;S
20240126;101512;1603.8;123;9468626137;S
20240126;101512;1603.6;3;9468626138;S
20240126;101512;1603.4;467;9468626139;S
20240126;101512;1603.4;1;9468626140;S
20240126;101512;1603.4;10;9468626141;S
20240126;101512;1603.4;25;9468626142;S
20240126;101512;1603.2;1;9468626143;S
20240126;101512;1603.2;8;9468626144;S
20240126;101512;1603.2;30;9468626145;S
20240126;101512;1603.2;1;9468626146;S
20240126;101512;1603.2;118;9468626147;S
20240126;101512;1603.2;1;9468626148;S
20240126;101512;1604;63;9468626172;B
20240126;101512;1604;47;9468626173;B
20240126;101516;1604;5;9468626804;B
20240126;101521;1604;1;9468627839;B
20240126;101521;1604;5;9468627935;B
20240126;101523;1603.2;5;9468628193;S
20240126;101540;1603.2;20;9468632380;S
20240126;101549;1603.2;5;9468634373;S
20240126;101550;1604;2;9468634647;B
20240126;101550;1604;1;9468634648;B
20240126;101551;1603.2;1;9468634855;S
20240126;101554;1603.2;5;9468635356;S
20240126;101557;1604;9;9468636115;B
20240126;101603;1604;50;9468637340;B
20240126;101605;1603.6;1;9468637601;S
20240126;101606;1603.6;2;9468637856;S
20240126;101610;1604;1;9468639046;B
20240126;101611;1604;1;9468639107;B
20240126;101612;1604;10;9468639423;B
20240126;101617;1603.6;1;9468640136;S
20240126;101620;1604;46;9468640610;B
20240126;101620;1604;46;9468640712;B
20240126;101620;1604;46;9468640779;B
20240126;101620;1604;46;9468640833;B
20240126;101629;1604;1;9468642182;B
20240126;101629;1604;20;9468642199;B
20240126;101634;1604;1;9468642857;B
20240126;101639;1604;1;9468643670;B
20240126;101640;1604;100;9468643887;B
20240126;101643;1604;1;9468644387;B
20240126;101645;1604;1;9468644713;B
20240126;101654;1604;2;9468645949;B
20240126;101654;1604;1;9468645994;B
20240126;101654;1604;4;9468645995;B
20240126;101658;1604;56;9468646587;B
20240126;101658;1604;34;9468646588;B
20240126;101701;1604;516;9468647142;B
20240126;101701;1604;60;9468647143;B
20240126;101705;1604;30;9468647938;S
20240126;101705;1604;2;9468647939;S
20240126;101705;1603.8;1;9468647940;S
20240126;101705;1603.6;18;9468647941;S
20240126;101717;1603.8;1;9468650386;S
20240126;101718;1604;5;9468650558;B
20240126;101718;1604;2;9468650583;B
20240126;101722;1604;1;9468651178;B
20240126;101723;1604;1;9468651349;B
20240126;101723;1604;2;9468651452;B
20240126;101724;1603.8;1;9468651561;S
20240126;101724;1603.6;29;9468651562;S
20240126;101724;1603.8;33;9468651602;S
20240126;101728;1603.8;1;9468652507;B
20240126;101731;1603.8;4;9468652949;B
20240126;101731;1603.8;60;9468652950;B
20240126;101731;1603.8;42;9468652951;B
20240126;101731;1604;1;9468653047;B
20240126;101735;1604;1;9468653839;B
20240126;101736;1603.8;12;9468654182;S
20240126;101736;1603.8;50;9468654292;S
20240126;101738;1603.8;32;9468654679;S
20240126;101738;1603.8;56;9468654680;S
20240126;101740;1603.8;1;9468654933;B
20240126;101741;1603.6;2;9468655040;S
20240126;101741;1603.8;6;9468655146;B
20240126;101746;1603.8;5;9468656045;B
20240126;101746;1603.8;5;9468656046;B
20240126;101746;1603.8;1;9468656053;B
20240126;101750;1603.6;50;9468656737;S
20240126;101753;1603.8;1;9468657295;B
20240126;101754;1603.8;1;9468657494;B
20240126;101754;1603.8;2;9468657495;B
20240126;101757;1603.6;3;9468658028;S
20240126;101758;1603.8;1;9468658117;B
20240126;101758;1603.6;5;9468658127;S
20240126;101758;1603.8;1;9468658155;B
20240126;101803;1603.8;5;9468659153;B
20240126;101810;1603.8;3;9468660854;B
20240126;101811;1603.8;48;9468661066;B
20240126;101811;1604;2;9468661067;B
20240126;101811;1604;16;9468661068;B
20240126;101811;1604;200;9468661069;B
20240126;101811;1604;9;9468661070;B
20240126;101811;1604;1;9468661071;B
20240126;101811;1604;60;9468661072;B
20240126;101811;1604.2;23;9468661073;B
20240126;101811;1604.6;187;9468661074;B
20240126;101811;1604.8;70;9468661075;B
20240126;101811;1604.8;10;9468661076;B
20240126;101811;1605;7;9468661077;B
20240126;101811;1605;45;9468661078;B
20240126;101811;1605;1;9468661079;B
20240126;101811;1605;30;9468661080;B
20240126;101811;1605.6;30;9468661081;B
20240126;101811;1605.8;60;9468661082;B
20240126;101811;1605.8;224;9468661083;B
20240126;101811;1605.8;63;9468661084;B
20240126;101811;1605.8;63;9468661085;B
20240126;101811;1606;96;9468661086;B
20240126;101811;1605.4;84;9468661088;S
20240126;101811;1605.4;1;9468661111;S
20240126;101811;1605.4;10;9468661126;S
20240126;101811;1605.4;70;9468661149;S
20240126;101812;1605.4;1;9468661380;S
20240126;101813;1605.6;3;9468661772;B
20240126;101814;1605.4;1;9468661908;S
20240126;101814;1605.6;7;9468661956;B
20240126;101815;1605.4;1;9468662105;S
20240126;101818;1605.4;1;9468662749;S
20240126;101818;1605.6;10;9468662799;B
20240126;101820;1605.6;1;9468663063;B
20240126;101820;1605.4;1;9468663064;S
20240126;101820;1605.4;100;9468663133;S
20240126;101820;1605.4;1;9468663135;S
20240126;101820;1605.4;148;9468663136;B
20240126;101829;1605;1;9468664619;B
20240126;101830;1604;2;9468664684;S
20240126;101830;1604;224;9468664685;S
20240126;101830;1604;60;9468664686;S
20240126;101830;1603.8;5;9468664687;S
20240126;101830;1603.8;23;9468664688;S
20240126;101830;1603.8;60;9468664689;S
20240126;101830;1603.8;3;9468664690;S
20240126;101830;1603.8;30;9468664691;S
20240126;101830;1603.6;17;9468664692;S
20240126;101830;1603.6;100;9468664693;S
20240126;101830;1603.6;1;9468664694;S
20240126;101830;1603.6;76;9468664695;S
20240126;101830;1603.6;100;9468664696;S
20240126;101830;1603.6;46;9468664697;S
20240126;101830;1603.4;50;9468664698;S
20240126;101830;1603.2;2;9468664699;S
20240126;101830;1603.2;50;9468664700;S
20240126;101830;1603.2;1;9468664701;S
20240126;101830;1603.2;30;9468664702;S
20240126;101830;1603.2;30;9468664703;S
20240126;101830;1603.2;25;9468664704;S
20240126;101830;1603.2;60;9468664705;S
20240126;101830;1603.2;63;9468664706;S
20240126;101830;1603;1;9468664707;S
20240126;101830;1603;5;9468664708;S
20240126;101830;1603;1;9468664709;S
20240126;101830;1603;5;9468664710;S
20240126;101830;1603;1;9468664711;S
20240126;101830;1603;200;9468664712;S
20240126;101830;1603;20;9468664713;S
20240126;101830;1603;2;9468664714;S
20240126;101830;1603;1;9468664715;S
20240126;101830;1603;20;9468664716;S
20240126;101830;1603;1;9468664717;S
20240126;101830;1603;3;9468664718;S
20240126;101830;1603;4;9468664719;S
20240126;101830;1603;1;9468664720;S
20240126;101830;1603;1;9468664721;S
20240126;101830;1603;400;9468664722;S
20240126;101830;1603;1;9468664723;S
20240126;101830;1603;30;9468664724;S
20240126;101830;1603;10;9468664725;S
20240126;101830;1603;15;9468664726;S
20240126;101830;1603;1;9468664727;S
20240126;101830;1603;5;9468664728;S
20240126;101830;1603;1;9468664729;S
20240126;101830;1603;10;9468664730;S
20240126;101830;1603;100;9468664731;S
20240126;101830;1603;3;9468664732;S
20240126;101830;1603;100;9468664733;S
20240126;101837;1604;1;9468665692;B
20240126;101845;1603.4;10;9468666976;S
20240126;101845;1603.4;3;9468666977;S
20240126;101845;1603;100;9468666978;S
20240126;101845;1603;34;9468666979;B
20240126;101845;1603.4;60;9468666981;B
20240126;101850;1603.8;1;9468667823;B
20240126;101851;1603.8;20;9468668020;B
20240126;101855;1603.8;63;9468668872;B
20240126;101855;1603.8;60;9468668873;B
20240126;101855;1603.8;1;9468668874;B
20240126;101855;1604;22;9468668875;B
20240126;101855;1604;41;9468668876;B
20240126;101858;1603.8;63;9468669392;B
20240126;101858;1604;45;9468669393;B
20240126;101858;1604;2;9468669394;B
20240126;101858;1604;57;9468669395;B
20240126;101858;1604.2;20;9468669396;B
20240126;101859;1604.4;3;9468669416;S
20240126;101902;1604.4;7;9468670130;S
20240126;101903;1604.6;2;9468670429;B
20240126;101903;1604.6;23;9468670430;B
20240126;101906;1604.8;10;9468670914;B
20240126;101909;1604.8;100;9468671350;B
20240126;101913;1604.8;3;9468671991;B
20240126;101913;1604.6;1;9468672103;S
20240126;101913;1604.8;60;9468672151;B
20240126;101917;1604.8;6;9468672856;B
20240126;101918;1604.8;3;9468672888;B
20240126;101919;1604.8;1;9468673164;B
20240126;101922;1604.6;33;9468673683;S
20240126;101922;1604.6;100;9468673728;B
20240126;101930;1604.4;1;9468675808;B
20240126;101932;1604.2;1;9468676173;B
20240126;101932;1604.2;60;9468676174;B
20240126;101932;1604.4;14;9468676175;B
20240126;101935;1604.4;100;9468676808;B
20240126;101939;1604;1;9468677339;S
20240126;101943;1604;1;9468678032;B
20240126;101944;1604;172;9468678086;B
20240126;101944;1604.2;60;9468678087;B
20240126;101944;1604.4;11;9468678088;B
20240126;101954;1604;2;9468679187;S
20240126;101958;1604;11;9468679812;S
20240126;101958;1604;50;9468679821;S
20240126;102005;1604;110;9468680806;S
20240126;102005;1604;30;9468680807;S
20240126;102005;1603.4;23;9468680808;S
20240126;102005;1603.2;4;9468680809;S
20240126;102005;1603.2;60;9468680810;S
20240126;102005;1603;126;9468680811;S
20240126;102005;1603;1;9468680812;S
20240126;102005;1602.8;2;9468680813;S
20240126;102005;1602.8;30;9468680814;S
20240126;102005;1602.8;2;9468680815;S
20240126;102005;1602.6;250;9468680816;S
20240126;102005;1602.6;1;9468680817;S
20240126;102005;1602.6;23;9468680818;S
20240126;102005;1602.6;31;9468680836;S
20240126;102006;1603.8;23;9468681057;B
20240126;102006;1603.8;27;9468681058;B
20240126;102012;1603;10;9468682297;S
20240126;102012;1603;1;9468682298;S
20240126;102012;1602.8;23;9468682299;S
20240126;102012;1602.6;46;9468682300;S
20240126;102012;1602.6;20;9468682301;S
20240126;102014;1603;1;9468682736;S
20240126;102020;1603.2;4;9468683597;B
20240126;102024;1603;1;9468684237;S
20240126;102024;1603.2;2;9468684311;B
20240126;102030;1603.2;534;9468685176;S
20240126;102032;1603.8;46;9468685735;B
20240126;102032;1603.8;46;9468685800;B
20240126;102041;1603.8;2;9468687021;B
20240126;102046;1603.8;5;9468687668;B
20240126;102048;1603.4;3;9468687847;S
20240126;102048;1603.2;36;9468687848;S
20240126;102049;1603.8;1;9468687938;B
20240126;102100;1604;1;9468689628;B
20240126;102101;1604;424;9468689793;B
20240126;102101;1604;60;9468689794;B
20240126;102101;1604;20;9468689795;B
20240126;102114;1604;1;9468691678;S
20240126;102119;1603.8;8;9468692516;S
20240126;102125;1603.8;5;9468693582;S
20240126;102125;1603.8;5;9468693583;S
20240126;102125;1603.8;46;9468693584;S
20240126;102144;1603.4;63;9468696130;S
20240126;102144;1603.4;60;9468696131;S
20240126;102144;1603.2;68;9468696132;S
20240126;102148;1603.8;1;9468696857;B
20240126;102202;1603.8;3;9468698768;B
20240126;102202;1604;1;9468698769;B
20240126;102202;1604.2;4;9468698770;B
20240126;102203;1603.2;20;9468698922;S
20240126;102203;1603.2;5;9468698923;S
20240126;102203;1603.2;5;9468698924;S
20240126;102203;1603.2;60;9468698925;S
20240126;102203;1603.2;34;9468698926;S
20240126;102203;1603.2;26;9468698938;S
20240126;102203;1603;1;9468698939;S
20240126;102203;1603;1;9468698940;S
20240126;102203;1603;22;9468698941;S
20240126;102215;1603.2;36;9468700506;S
20240126;102215;1603.2;14;9468700507;S
20240126;102217;1603.2;24;9468700912;S
20240126;102218;1603.2;22;9468701004;S
20240126;102218;1603.2;60;9468701005;S
20240126;102218;1603;79;9468701006;S
20240126;102218;1603;500;9468701007;S
20240126;102218;1603;10;9468701008;S
20240126;102218;1603;46;9468701009;S
20240126;102218;1603;1;9468701010;S
20240126;102218;1603;23;9468701011;S
20240126;102218;1603;1;9468701012;S
20240126;102218;1602.8;2;9468701013;B
20240126;102218;1602.8;1;9468701018;B
20240126;102218;1602.8;1;9468701019;B
20240126;102218;1602.8;1;9468701027;B
20240126;102218;1602.8;1;9468701029;B
20240126;102218;1602.8;1;9468701031;B
20240126;102218;1602.8;1;9468701035;B
20240126;102218;1602.8;1;9468701042;B
20240126;102218;1602.8;1;9468701045;B
20240126;102221;1602.6;1;9468701496;S
20240126;102221;1602.6;2;9468701497;S
20240126;102222;1602.8;53;9468701654;B
20240126;102222;1603;17;9468701655;B
20240126;102226;1603;16;9468702087;B
20240126;102228;1603;7;9468702512;B
20240126;102229;1603;5;9468702821;B
20240126;102232;1603;1;9468703139;B
20240126;102232;1603;55;9468703140;B
20240126;102233;1603;1;9468703319;B
20240126;102235;1603;1;9468703524;B
20240126;102245;1603;200;9468704991;B
20240126;102253;1602.8;20;9468705963;S
20240126;102257;1602.8;50;9468706485;S
20240126;102258;1602.8;4;9468706560;S
20240126;102300;1603;1;9468706855;B
20240126;102301;1603;1;9468706950;B
20240126;102304;1603;1;9468707572;B
20240126;102306;1603;77;9468707774;B
20240126;102306;1602.8;266;9468707852;S
20240126;102307;1602.8;19;9468708011;S
20240126;102309;1603;15;9468708300;B
20240126;102310;1603;700;9468708396;B
20240126;102310;1603;16;9468708397;B
20240126;102310;1603;1;9468708398;B
20240126;102310;1603;3;9468708399;B
20240126;102310;1603.6;23;9468708400;B
20240126;102310;1603.8;3;9468708401;B
20240126;102310;1603.8;60;9468708402;B
20240126;102310;1604.4;2;9468708403;B
20240126;102310;1604.4;30;9468708404;B
20240126;102310;1604.6;67;9468708405;B
20240126;102310;1604.6;1;9468708406;B
20240126;102310;1604.6;187;9468708407;B
20240126;102310;1604.8;60;9468708408;B
20240126;102310;1605;9;9468708409;B
20240126;102310;1605;110;9468708410;B
20240126;102310;1605.4;174;9468708411;B
20240126;102310;1605.6;224;9468708412;B
20240126;102310;1605.8;9;9468708413;B
20240126;102310;1605.8;224;9468708414;B
20240126;102310;1605.8;63;9468708415;B
20240126;102310;1606;57;9468708416;B
20240126;102310;1606;1;9468708417;B
20240126;102310;1606;13;9468708418;B
20240126;102310;1606;25;9468708419;B
20240126;102310;1606;2;9468708420;B
20240126;102310;1606;186;9468708421;B
20240126;102310;1605.4;100;9468708429;S
20240126;102310;1604.8;1;9468708434;S
20240126;102310;1604.4;1;9468708435;S
20240126;102310;1604.4;1;9468708436;S
20240126;102310;1604.4;1;9468708441;S
20240126;102310;1604.4;1;9468708444;S
20240126;102310;1604.4;1;9468708448;S
20240126;102310;1605.6;1;9468708457;S
20240126;102310;1605.6;292;9468708484;S
20240126;102313;1605.4;2;9468708951;S
20240126;102315;1605;50;9468709169;S
20240126;102316;1605.6;5;9468709278;B
20240126;102320;1605;5;9468709938;S
20240126;102325;1605.2;1;9468710526;S
20240126;102325;1605;3;9468710527;S
20240126;102331;1605;1;9468711205;S
20240126;102346;1605.6;50;9468712973;B
20240126;102351;1605.2;1;9468713591;S
20240126;102356;1605;14;9468714388;S
20240126;102358;1605;30;9468714657;S
20240126;102400;1605.4;3;9468714880;B
20240126;102400;1605.4;1;9468714881;B
20240126;102400;1605.4;11;9468714882;B
20240126;102414;1605.6;1;9468717029;B
20240126;102415;1605.6;3;9468717153;B
20240126;102421;1605.6;999;9468717786;B
20240126;102421;1605.6;20;9468717787;B
20240126;102421;1605.6;60;9468717788;B
20240126;102421;1605.6;60;9468717789;B
20240126;102425;1605.6;15;9468718310;S
20240126;102430;1606.2;1;9468719094;B
20240126;102430;1606.2;2;9468719188;B
20240126;102430;1606.2;8;9468719189;B
20240126;102456;1605.8;50;9468723363;S
20240126;102505;1605.8;1;9468724839;S
20240126;102507;1606.4;2;9468725031;B
20240126;102511;1606.4;1;9468725748;B
20240126;102519;1605.6;3;9468726941;S
20240126;102530;1606;1;9468728619;B
20240126;102533;1605.6;3;9468728985;S
20240126;102533;1605.6;1;9468728986;S
20240126;102533;1605.6;8;9468728987;S
20240126;102546;1606.4;10;9468730856;B
20240126;102546;1606.4;2;9468730857;B
20240126;102546;1606.6;23;9468730858;B
20240126;102546;1606.6;60;9468730859;B
20240126;102546;1606.6;50;9468730860;B
20240126;102546;1606.6;41;9468730861;B
20240126;102551;1606.6;145;9468731468;B
20240126;102551;1606.6;1;9468731469;B
20240126;102551;1606.8;3;9468731470;B
20240126;102551;1606.8;6;9468731471;B
20240126;102551;1606.8;1;9468731472;B
20240126;102551;1607;6;9468731473;B
20240126;102551;1607;1;9468731474;B
20240126;102551;1607;1;9468731475;B
20240126;102551;1607;1;9468731476;B
20240126;102551;1607;100;9468731477;B
20240126;102551;1607;20;9468731478;B
20240126;102551;1607;5;9468731479;B
20240126;102551;1607.2;150;9468731480;B
20240126;102551;1607.2;60;9468731481;B
20240126;102559;1607.4;150;9468732662;B
20240126;102602;1607;63;9468733010;B
20240126;102602;1607;60;9468733011;B
20240126;102602;1607.2;242;9468733012;B
20240126;102602;1607.4;290;9468733013;B
20240126;102602;1607.6;190;9468733014;B
20240126;102602;1607.8;2;9468733015;B
20240126;102602;1607.8;5;9468733016;B
20240126;102602;1607.8;1;9468733017;B
20240126;102602;1607.8;164;9468733018;B
20240126;102607;1607.8;40;9468733775;B
20240126;102607;1608;17;9468733776;B
20240126;102607;1608;1;9468733777;B
20240126;102607;1608;1;9468733778;B
20240126;102607;1608;1;9468733779;B
20240126;102608;1607.8;8;9468733889;B
20240126;102611;1607.6;3;9468734352;S
20240126;102615;1607.6;1;9468734913;B
20240126;102616;1607.6;26;9468735146;B
20240126;102616;1608;4;9468735147;B
20240126;102620;1608;2;9468735659;B
20240126;102622;1607.8;1;9468735906;S
20240126;102623;1608;7;9468736070;B
20240126;102623;1608;3;9468736071;B
20240126;102625;1607.8;10;9468736296;S
20240126;102626;1608;1;9468736426;B
20240126;102626;1607.8;6;9468736455;S
20240126;102627;1608;20;9468736577;B
20240126;102633;1608;70;9468737338;B
20240126;102633;1608.2;1;9468737339;B
20240126;102633;1608.2;45;9468737340;B
20240126;102633;1608.4;30;9468737341;B
20240126;102633;1608.6;1;9468737342;B
20240126;102633;1608.6;31;9468737343;B
20240126;102634;1608.2;14;9468737392;B
20240126;102634;1608;5;9468737470;B
20240126;102644;1608.2;152;9468739133;B
20240126;102649;1608.2;1;9468739998;S
20240126;102652;1608.4;1;9468740408;B
20240126;102652;1608.4;1;9468740432;B
20240126;102653;1608.2;40;9468740592;S
20240126;102659;1608.2;307;9468741325;S
20240126;102659;1608.2;50;9468741326;S
20240126;102704;1608.2;1;9468741990;B
20240126;102710;1608;150;9468742479;S
20240126;102714;1608;27;9468742845;S
20240126;102714;1608;23;9468742846;S
20240126;102715;1608;3;9468743056;S
20240126;102716;1608;2;9468743126;S
20240126;102722;1608;1;9468744160;S
20240126;102722;1607.8;19;9468744161;S
20240126;102724;1607.8;1;9468744463;S
20240126;102729;1607.8;1;9468745323;S
20240126;102733;1608;1;9468745826;B
20240126;102734;1607.8;1;9468746086;S
20240126;102738;1607.8;10;9468746513;S
20240126;102739;1608;6;9468746632;B
20240126;102739;1608;4;9468746633;B
20240126;102746;1608;5;9468747987;B
20240126;102757;1607.8;1;9468750085;S
20240126;102757;1607.8;4;9468750086;S
20240126;102759;1607.8;3;9468750561;S
20240126;102802;1608;1;9468751095;B
20240126;102808;1607.8;2;9468752031;S
20240126;102816;1608;1;9468753415;B
20240126;102818;1607.8;4;9468753744;S
20240126;102826;1607.8;2;9468755701;S
20240126;102834;1607.8;5;9468756865;S
20240126;102838;1607.8;2;9468757574;S
20240126;102843;1607.8;3;9468758784;S
20240126;102843;1607.6;3;9468758785;S
20240126;102856;1608;19;9468761136;B
20240126;102857;1607.6;1;9468761173;S
20240126;102857;1607.6;11;9468761174;S
20240126;102900;1608;29;9468761933;B
20240126;102900;1608;1;9468761934;B
20240126;102900;1608;15;9468761935;B
20240126;102900;1608;1;9468761936;B
20240126;102900;1608.2;46;9468762007;B
20240126;102901;1608.2;46;9468762123;B
20240126;102901;1608.2;45;9468762192;B
20240126;102901;1608.4;1;9468762193;B
20240126;102901;1608.4;17;9468762288;B
20240126;102902;1608.4;11;9468762414;S
20240126;102911;1608.4;38;9468763725;S
20240126;102915;1608.4;15;9468764467;S
20240126;102918;1608.4;1;9468764810;S
20240126;102918;1608.4;46;9468764811;S
20240126;102918;1607.8;5;9468764812;S
20240126;102919;1607.8;1;9468764850;S
20240126;102931;1607.8;17;9468766404;S
20240126;102931;1607.6;5;9468766405;S
20240126;102933;1607.6;1;9468766814;B
20240126;102933;1607.6;3;9468766817;B
20240126;102952;1607.6;174;9468769687;B
20240126;102952;1608.4;6;9468769688;B
20240126;102952;1608.6;87;9468769689;B
20240126;102952;1608.8;1;9468769690;B
20240126;102952;1608.8;63;9468769691;B
20240126;102952;1608.8;63;9468769692;B
20240126;102952;1608.8;10;9468769693;B
20240126;102952;1608.8;80;9468769694;B
20240126;102952;1609;1;9468769695;B
20240126;102952;1609;1;9468769696;B
20240126;102952;1609;15;9468769697;B
20240126;102952;1609;3;9468769698;B
20240126;102952;1609;25;9468769699;B
20240126;102952;1609;1;9468769700;B
20240126;102952;1609;5;9468769701;B
20240126;102952;1609;1;9468769702;B
20240126;102952;1609;100;9468769703;B
20240126;102952;1609;23;9468769704;B
20240126;102952;1609;50;9468769705;B
20240126;102952;1609.2;5;9468769706;B
20240126;102952;1609.2;80;9468769707;B
20240126;102952;1609.4;5;9468769708;B
20240126;102952;1609.4;1000;9468769709;B
20240126;102952;1609.4;9;9468769710;B
20240126;102952;1609.4;1;9468769711;B
20240126;102952;1609.4;1;9468769712;B
20240126;102952;1609.4;150;9468769713;B
20240126;102952;1609.4;1;9468769714;S
20240126;102952;1609.4;100;9468769715;S
20240126;102952;1609.4;100;9468769716;S
20240126;102952;1609.4;300;9468769717;S
20240126;102952;1609.4;100;9468769718;S
20240126;102952;1609.4;200;9468769719;S
20240126;102952;1609.4;1;9468769753;S
20240126;102953;1609.4;7;9468769832;S
20240126;102957;1609.4;1;9468770482;S
20240126;103000;1609.6;2;9468771421;B
20240126;103000;1609.6;50;9468771422;B
20240126;103000;1609.6;100;9468771423;B
20240126;103000;1609.6;63;9468771424;B
20240126;103000;1609.6;63;9468771425;B
20240126;103000;1609.8;93;9468771426;B
20240126;103000;1609.8;140;9468771427;B
20240126;103000;1609.8;26;9468771428;B
20240126;103000;1610;53;9468771429;B
20240126;103000;1610;1;9468771430;B
20240126;103000;1610;1;9468771431;B
20240126;103000;1610;9;9468771432;B
20240126;103000;1610;53;9468771433;B
20240126;103000;1609.8;63;9468771434;B
20240126;103000;1609.8;62;9468771435;B
20240126;103001;1609.8;2;9468771451;B
20240126;103001;1609.8;61;9468771582;B
20240126;103001;1610;10;9468771583;B
20240126;103001;1610;1;9468771584;B
20240126;103001;1610;1;9468771585;B
20240126;103001;1610;1;9468771586;B
20240126;103001;1610;85;9468771587;B
20240126;103001;1610;6;9468771588;B
20240126;103001;1610;10;9468771589;B
20240126;103001;1610;1;9468771590;B
20240126;103001;1610;1;9468771591;B
20240126;103001;1610;400;9468771592;B
20240126;103001;1610;1;9468771593;B
20240126;103001;1610;4;9468771594;B
20240126;103001;1610;4;9468771595;B
20240126;103001;1610;4;9468771596;B
20240126;103001;1610;4;9468771597;B
20240126;103001;1610;4;9468771598;B
20240126;103001;1610;250;9468771599;B
20240126;103001;1610;1;9468771600;B
20240126;103001;1610;151;9468771601;B
20240126;103001;1610;6;9468771602;B
20240126;103001;1609.8;63;9468771603;B
20240126;103002;1609.6;39;9468771613;S
20240126;103002;1609.6;1;9468771615;S
20240126;103002;1609.6;10;9468771616;S
20240126;103002;1609.8;2;9468771622;B
20240126;103002;1609.6;2;9468771641;S
20240126;103002;1609.8;1;9468771720;B
20240126;103003;1609.8;60;9468771894;B
20240126;103003;1609.8;63;9468771895;B
20240126;103003;1610;93;9468771896;B
20240126;103003;1610;1;9468771897;B
20240126;103003;1610;958;9468771898;B
20240126;103003;1610;25;9468771899;B
20240126;103003;1609.8;63;9468771900;B
20240126;103003;1609.8;63;9468771901;B
20240126;103003;1609.8;63;9468771902;B
20240126;103003;1609.8;63;9468771903;B
20240126;103005;1609.8;1;9468772406;B
20240126;103007;1609.6;7;9468772787;S
20240126;103016;1609.8;62;9468774098;B
20240126;103016;1609.8;1;9468774099;B
20240126;103016;1609.8;1;9468774100;B
20240126;103016;1610;6;9468774101;B
20240126;103016;1609.6;2;9468774111;S
20240126;103017;1609.8;8;9468774409;B
20240126;103018;1609.8;1;9468774565;B
20240126;103021;1609.8;1;9468774993;B
20240126;103027;1609.8;53;9468775798;B
20240126;103027;1609.8;1;9468775799;B
20240126;103027;1609.8;35;9468775800;B
20240126;103027;1609.8;1;9468775805;S
20240126;103027;1609.8;1;9468775815;S
20240126;103027;1609.8;1;9468775833;S
20240126;103027;1609.8;1;9468775843;S
20240126;103027;1609.8;1;9468775849;S
20240126;103029;1610;1;9468776181;B
20240126;103032;1610;3;9468776704;B
20240126;103033;1609.8;15;9468777026;S
20240126;103034;1609.8;1;9468777185;S
20240126;103034;1610;3;9468777203;B
20240126;103035;1610;2;9468777277;B
20240126;103036;1610;4;9468777343;B
20240126;103040;1609.8;1;9468778463;S
20240126;103042;1610;10;9468778736;B
20240126;103042;1610;15;9468778773;B
20240126;103045;1610;1;9468779120;B
20240126;103047;1610;5;9468779591;B
20240126;103049;1610;40;9468779829;B
20240126;103050;1609.8;7;9468779878;S
20240126;103050;1609.8;1;9468779879;S
20240126;103051;1610;30;9468779979;B
20240126;103052;1610;2;9468780314;B
20240126;103055;1610;120;9468781133;B
20240126;103055;1610;1;9468781134;B
20240126;103055;1610;179;9468781135;B
20240126;103055;1610;1;9468781228;B
20240126;103058;1610;5;9468781701;B
20240126;103059;1609.8;13;9468781798;S
20240126;103100;1609.8;9;9468781905;S
20240126;103105;1610;1;9468782670;B
20240126;103106;1609.8;2;9468782814;S
20240126;103106;1610;49;9468782829;B
20240126;103106;1610;1;9468782830;B
20240126;103106;1610;50;9468782831;B
20240126;103106;1610;49;9468782832;B
20240126;103109;1610;1;9468783430;B
20240126;103110;1610;14;9468783439;B
20240126;103110;1610;86;9468783440;B
20240126;103110;1609.8;11;9468783457;S
20240126;103110;1609.8;50;9468783485;S
20240126;103110;1609.8;1;9468783541;S
20240126;103111;1609.8;50;9468783584;S
20240126;103111;1610;4;9468783646;B
20240126;103112;1609.8;50;9468783724;S
20240126;103112;1609.8;50;9468783803;S
20240126;103113;1609.8;50;9468783870;S
20240126;103116;1610;3;9468784312;B
20240126;103119;1610;100;9468784618;B
20240126;103119;1610;6;9468784691;B
20240126;103129;1609.8;3;9468786094;S
20240126;103129;1610;1;9468786158;B
20240126;103135;1610;2;9468787018;B
20240126;103137;1610;22;9468787239;B
20240126;103138;1610;22;9468787379;B
20240126;103153;1610;177;9468789732;B
20240126;103153;1610;2;9468789733;B
20240126;103153;1610;9;9468789734;B
20240126;103153;1610;50;9468789735;B
20240126;103153;1610;7;9468789736;B
20240126;103153;1610;2;9468789737;B
20240126;103153;1610;53;9468789738;B
20240126;103153;1610;20;9468789739;B
20240126;103153;1610;100;9468789740;B
20240126;103159;1610;1;9468790674;B
20240126;103200;1610;1;9468790839;B
20240126;103202;1610;42;9468791267;B
20240126;103205;1610;80;9468791751;B
20240126;103206;1610;1;9468791827;B
20240126;103211;1610;1;9468792549;B
20240126;103215;1609.8;26;9468793289;S
20240126;103220;1609.8;25;9468794148;S
20240126;103221;1610;1;9468794164;B
20240126;103223;1610;6;9468794665;B
20240126;103224;1610;4;9468794871;B
20240126;103225;1609.8;10;9468795144;S
20240126;103232;1609.8;50;9468796223;S
20240126;103234;1610;1;9468796409;B
20240126;103234;1609.8;1;9468796423;S
20240126;103237;1609.8;115;9468796768;S
20240126;103237;1609.8;85;9468796769;S
20240126;103259;1610;1;9468799912;B
20240126;103259;1609.8;20;9468799953;S
20240126;103307;1610;5;9468801548;B
20240126;103309;1610;25;9468801787;B
20240126;103309;1609.8;2;9468801878;S
20240126;103312;1609.8;7;9468802111;S
20240126;103313;1609.8;1;9468802345;S
20240126;103319;1610;6;9468803262;B
20240126;103321;1609.8;2;9468803631;S
20240126;103326;1609.8;20;9468804247;S
20240126;103329;1609.8;1;9468804612;S
20240126;103330;1609.8;6;9468804782;S
20240126;103333;1610;1;9468805253;B
20240126;103336;1609.8;5;9468805616;S
20240126;103340;1609.8;3;9468806049;S
20240126;103345;1609.8;1;9468806785;S
20240126;103346;1609.8;9;9468806849;S
20240126;103350;1610;50;9468807384;B
20240126;103350;1610;1;9468807386;B
20240126;103351;1609.8;1;9468807472;S
20240126;103352;1610;12;9468807619;B
20240126;103355;1609.8;1;9468807991;S
20240126;103356;1609.8;2;9468808045;S
20240126;103358;1609.8;19;9468808424;S
20240126;103358;1609.8;1;9468808425;S
20240126;103358;1609.8;1;9468808426;S
20240126;103358;1609.8;5;9468808427;S
20240126;103358;1609.8;1;9468808428;S
20240126;103358;1609.8;62;9468808429;S
20240126;103358;1609.8;5;9468808430;S
20240126;103358;1609.8;20;9468808431;S
20240126;103358;1609.8;91;9468808432;S
20240126;103402;1609.8;3;9468809060;S
20240126;103402;1610;1;9468809117;B
20240126;103404;1610;1;9468809378;B
20240126;103407;1610;100;9468809939;B
20240126;103409;1610;20;9468810152;B
20240126;103412;1609.8;1;9468810655;S
20240126;103413;1610;2;9468810867;B
20240126;103414;1610;14;9468811030;B
20240126;103414;1610;18;9468811031;B
20240126;103414;1610;1;9468811032;B
20240126;103414;1610;148;9468811033;B
20240126;103414;1610;35;9468811034;B
20240126;103414;1610;6;9468811035;B
20240126;103414;1610;4;9468811036;B
20240126;103414;1610;10;9468811037;B
20240126;103414;1610;1;9468811038;B
20240126;103414;1610;1;9468811039;B
20240126;103414;1610;50;9468811040;B
20240126;103414;1610;12;9468811041;B
20240126;103414;1609.8;12;9468811179;S
20240126;103417;1609.8;5;9468811553;S
20240126;103417;1610;1;9468811590;B
20240126;103425;1610;23;9468812885;B
20240126;103430;1610;13;9468813396;B
20240126;103430;1609.8;1;9468813425;S
20240126;103432;1609.8;10;9468813670;S
20240126;103435;1610;1;9468814155;B
20240126;103435;1610;64;9468814156;B
20240126;103435;1610;135;9468814157;B
20240126;103435;1610;30;9468814184;B
20240126;103436;1610;50;9468814305;B
20240126;103438;1609.8;1;9468814578;S
20240126;103439;1610;50;9468814738;B
20240126;103439;1609.8;1;9468814743;S
20240126;103441;1609.8;20;9468814934;S
20240126;103442;1610;1;9468815088;B
20240126;103442;1610;50;9468815152;B
20240126;103444;1609.8;1;9468815473;S
20240126;103445;1610;10;9468815710;B
20240126;103446;1609.8;1;9468815758;S
20240126;103447;1609.8;6;9468815836;S
20240126;103449;1610;1;9468816130;B
20240126;103451;1609.8;1;9468816330;S
20240126;103452;1609.8;346;9468816422;S
20240126;103452;1609.8;54;9468816423;S
20240126;103452;1610;1;9468816504;B
20240126;103453;1609.8;3;9468816543;S
20240126;103500;1610;1;9468817590;B
20240126;103503;1609.8;10;9468818076;S
20240126;103508;1610;1;9468818814;B
20240126;103508;1609.8;15;9468818850;S
20240126;103509;1610;1;9468818974;B
20240126;103511;1610;20;9468819228;B
20240126;103512;1610;49;9468819352;B
20240126;103512;1610;26;9468819353;B
20240126;103518;1610;33;9468820076;B
20240126;103518;1610;19;9468820134;B
20240126;103518;1610;7;9468820135;B
20240126;103518;1610;1;9468820136;B
20240126;103518;1610;3;9468820137;B
20240126;103518;1609.8;13;9468820145;S
20240126;103518;1609.8;1;9468820146;S
20240126;103518;1609.8;6;9468820147;S
20240126;103521;1609.8;100;9468820678;S
20240126;103526;1610;70;9468821485;B
20240126;103528;1610;1;9468821769;B
20240126;103528;1610;1;9468821894;B
20240126;103532;1609.8;1;9468822400;S
20240126;103533;1609.8;17;9468822470;S
20240126;103533;1609.8;2;9468822471;S
20240126;103533;1609.8;1;9468822472;S
20240126;103533;1609.6;3;9468822473;S
20240126;103533;1609.6;1;9468822474;S
20240126;103533;1609.6;6;9468822475;S
20240126;103533;1609.8;1;9468822487;B
20240126;103534;1609.6;61;9468822602;S
20240126;103534;1609.6;5;9468822603;S
20240126;103534;1609.6;10;9468822604;S
20240126;103534;1609.6;1;9468822605;S
20240126;103534;1609.4;1153;9468822606;S
20240126;103536;1609.4;50;9468822952;S
20240126;103536;1609.4;3;9468822953;S
20240126;103538;1609.4;60;9468823290;S
20240126;103538;1609.4;5;9468823291;S
20240126;103538;1609.2;1;9468823292;S
20240126;103538;1609;10;9468823293;S
20240126;103538;1609;20;9468823294;S
20240126;103540;1609.2;19;9468823648;B
20240126;103546;1609;1;9468824430;S
20240126;103557;1609;1;9468826122;S
20240126;103558;1609;5;9468826322;S
20240126;103559;1609;1;9468826399;S
20240126;103600;1609;1;9468826571;S
20240126;103601;1609;1;9468826644;S
20240126;103602;1609.2;1;9468826771;B
20240126;103602;1609.2;49;9468826772;B
20240126;103602;1609;5;9468826852;S
20240126;103603;1609;2;9468826946;S
20240126;103605;1609.2;1;9468827290;B
20240126;103606;1609;3;9468827507;S
20240126;103606;1609;47;9468827508;S
20240126;103610;1609;1;9468828009;S
20240126;103612;1609;20;9468828389;S
20240126;103616;1609;5;9468829351;S
20240126;103617;1609;6;9468829485;S
20240126;103618;1609.2;7;9468829594;B
20240126;103618;1609;52;9468829682;S
20240126;103618;1609;20;9468829683;S
20240126;103619;1608.8;1;9468829722;B
20240126;103622;1608.2;1;9468830265;S
20240126;103628;1608.2;50;9468830941;S
20240126;103632;1608.2;100;9468831554;S
20240126;103632;1608.8;3;9468831563;B
20240126;103635;1608;3;9468831992;S
20240126;103638;1608;1;9468832476;S
20240126;103639;1608;6;9468832670;S
20240126;103645;1608.8;1;9468833440;B
20240126;103645;1608.2;10;9468833511;S
20240126;103653;1608.2;5;9468834684;S
20240126;103653;1608;3;9468834685;S
20240126;103701;1608;2;9468835985;S
20240126;103704;1608.6;20;9468836497;B
20240126;103704;1608.8;63;9468836498;B
20240126;103704;1608.8;60;9468836499;B
20240126;103704;1608.8;5;9468836581;S
20240126;103708;1609;2;9468837140;B
20240126;103709;1608.8;33;9468837247;S
20240126;103712;1608.8;1;9468837815;S
20240126;103712;1609;2;9468837844;B
20240126;103718;1608.8;1;9468838868;S
20240126;103723;1609;1;9468839584;B
20240126;103723;1609;23;9468839638;B
20240126;103723;1609;17;9468839639;B
20240126;103723;1609;6;9468839640;B
20240126;103723;1609;50;9468839641;B
20240126;103723;1609;50;9468839642;B
20240126;103723;1609;21;9468839643;B
20240126;103723;1609.6;33;9468839644;B
20240126;103724;1608.8;1;9468839749;S
20240126;103732;1608.8;1;9468840975;S
20240126;103736;1609;1;9468841509;B
20240126;103736;1608.8;1;9468841544;S
20240126;103736;1608.8;1;9468841556;S
20240126;103737;1608.8;2;9468841676;S
20240126;103738;1608.8;2;9468841791;S
20240126;103745;1608.8;64;9468842733;S
20240126;103747;1608.2;1;9468843064;S
20240126;103751;1608.8;16;9468843663;B
20240126;103751;1608.8;3;9468843664;B
20240126;103751;1609;1;9468843665;B
20240126;103753;1609;2;9468843937;S
20240126;103758;1609;1;9468844601;S
20240126;103803;1609.4;1;9468845383;B
20240126;103804;1609;1;9468845560;S
20240126;103805;1609;8;9468845689;S
20240126;103806;1609.4;4;9468845746;B
20240126;103806;1609.6;2;9468845747;B
20240126;103806;1609.6;4;9468845748;B
20240126;103811;1608.2;1;9468846398;S
20240126;103816;1608.2;5;9468846959;S
20240126;103819;1608.8;1;9468847426;B
20240126;103819;1609;11;9468847427;B
20240126;103823;1609;29;9468847870;B
20240126;103830;1608.4;1;9468848712;B
20240126;103835;1608.2;31;9468849245;S
20240126;103835;1608.4;4;9468849274;B
20240126;103835;1609;3;9468849275;B
20240126;103837;1608.2;1;9468849484;S
20240126;103847;1609;15;9468850537;B
20240126;103847;1609;1;9468850538;B
20240126;103847;1609;1;9468850539;B
20240126;103847;1609;1;9468850540;B
20240126;103847;1609.4;2;9468850541;B
20240126;103848;1608.6;1;9468850666;S
20240126;103853;1609.4;1;9468851266;S
20240126;103901;1609.4;2;9468852322;B
20240126;103901;1609.4;1;9468852323;B
20240126;103906;1608.4;1;9468852847;S
20240126;103929;1609.4;1;9468855821;B
20240126;103933;1608.6;2;9468856378;S
20240126;103955;1608.4;185;9468858600;S
20240126;104012;1608.6;2;9468860276;B
20240126;104012;1608.2;1;9468860312;S
20240126;104012;1608.2;1;9468860313;S
20240126;104012;1608.2;3;9468860314;S
20240126;104012;1608.2;7;9468860315;S
20240126;104017;1608;1;9468860741;S
20240126;104017;1608.6;1;9468860766;B
20240126;104020;1608;1;9468861051;S
20240126;104024;1608.2;1;9468861596;B
20240126;104032;1608.2;2;9468862607;S
20240126;104032;1608.2;1;9468862608;S
20240126;104039;1608;2;9468863253;S
20240126;104039;1608.6;1;9468863262;B
20240126;104046;1608;3;9468864023;S
20240126;104050;1608;41;9468864526;S
20240126;104050;1608;5;9468864527;S
20240126;104050;1608;4;9468864528;S
20240126;104056;1608;19;9468865411;S
20240126;104056;1608;6;9468865412;S
20240126;104056;1608;60;9468865413;S
20240126;104056;1608;2;9468865414;S
20240126;104056;1608;6;9468865415;S
20240126;104056;1607.8;60;9468865416;S
20240126;104056;1607.6;186;9468865417;S
20240126;104056;1607.4;25;9468865418;S
20240126;104056;1607.2;2;9468865419;S
20240126;104056;1607.2;199;9468865420;S
20240126;104056;1607.4;2;9468865427;S
20240126;104058;1607.2;10;9468865709;S
20240126;104105;1607.2;8;9468866639;S
20240126;104106;1608;1;9468866790;B
20240126;104108;1608;1;9468867034;B
20240126;104112;1608.2;63;9468867682;B
20240126;104112;1608.4;1;9468867683;B
20240126;104112;1608.4;37;9468867684;B
20240126;104112;1608.4;60;9468867685;B
20240126;104112;1608.6;4;9468867686;B
20240126;104112;1608.6;46;9468867687;B
20240126;104112;1608.6;1;9468867688;B
20240126;104120;1608.6;5;9468868718;S
20240126;104128;1608.6;2;9468869904;S
20240126;104128;1608.6;3;9468869914;S
20240126;104147;1608.6;50;9468872245;S
20240126;104151;1608.6;49;9468872790;S
20240126;104152;1608.6;20;9468873105;S
20240126;104159;1608.6;60;9468874163;S
20240126;104200;1608.8;1;9468874361;B
20240126;104204;1608.8;1;9468874930;B
20240126;104208;1608.6;65;9468875486;S
20240126;104211;1608.8;10;9468876018;B
20240126;104213;1608.8;3;9468876227;B
20240126;104216;1608.8;48;9468876650;B
20240126;104216;1608.8;52;9468876651;B
20240126;104220;1608.6;44;9468877405;S
20240126;104220;1608;46;9468877406;S
20240126;104238;1607.2;1;9468880233;S
20240126;104240;1607.2;1;9468880511;S
20240126;104244;1607.2;25;9468880854;S
20240126;104244;1608;2;9468880908;B
20240126;104246;1608;8;9468881134;B
20240126;104246;1608;5;9468881135;B
20240126;104246;1608.2;63;9468881136;B
20240126;104246;1608.4;63;9468881137;B
20240126;104246;1608.4;59;9468881138;B
20240126;104246;1608.4;2;9468881139;B
20240126;104255;1608.4;1;9468882274;B
20240126;104255;1608.4;62;9468882354;B
20240126;104255;1608.4;60;9468882355;B
20240126;104255;1608.4;63;9468882356;B
20240126;104255;1608.6;2000;9468882357;B
20240126;104255;1608.6;1;9468882358;B
20240126;104300;1608.6;100;9468883294;S
20240126;104308;1608.6;5;9468884387;S
20240126;104316;1608.6;1;9468885446;S
20240126;104316;1608.8;2;9468885491;B
20240126;104316;1608.8;2;9468885492;B
20240126;104316;1609;4;9468885493;B
20240126;104316;1609;30;9468885494;B
20240126;104316;1609;140;9468885495;B
20240126;104316;1609.4;10;9468885496;B
20240126;104316;1609.4;50;9468885497;B
20240126;104316;1609.4;1;9468885498;B
20240126;104316;1609.6;11;9468885499;B
20240126;104326;1609.6;14;9468886982;B
20240126;104326;1608.6;50;9468886992;S
20240126;104327;1608.6;1;9468887300;S
20240126;104331;1608.6;66;9468887823;S
20240126;104350;1609.4;2;9468890069;B
20240126;104353;1608.8;1;9468890631;S
20240126;104409;1609.4;1;9468893339;B
20240126;104415;1608.8;1;9468894398;S
20240126;104417;1608.8;3;9468894705;S
20240126;104417;1608.8;2;9468894706;S
20240126;104417;1608.6;91;9468894707;S
20240126;104417;1608.6;23;9468894708;S
20240126;104417;1608.4;1;9468894709;S
20240126;104417;1608.4;60;9468894710;S
20240126;104417;1608.4;5;9468894711;S
20240126;104417;1608.2;5;9468894712;S
20240126;104417;1608.2;186;9468894713;S
20240126;104417;1608;1;9468894714;S
20240126;104417;1608;1;9468894715;S
20240126;104417;1608;10;9468894716;S
20240126;104417;1608;65;9468894717;S
20240126;104423;1609;10;9468895611;B
20240126;104429;1608;35;9468896202;S
20240126;104429;1608;15;9468896203;S
20240126;104431;1608;2;9468896473;S
20240126;104434;1609;2;9468896789;B
20240126;104444;1609;2;9468897879;B
20240126;104447;1609;3;9468898574;B
20240126;104459;1608;6;9468901027;S
20240126;104503;1608;54;9468901777;S
20240126;104503;1608;60;9468901778;S
20240126;104503;1608;100;9468901779;B
20240126;104503;1608;100;9468901780;B
20240126;104503;1607.8;5;9468901781;S
20240126;104503;1607.8;30;9468901782;S
20240126;104506;1607.8;6;9468902211;B
20240126;104512;1607.4;1;9468903019;S
20240126;104528;1607.8;3;9468905291;B
20240126;104539;1608;5;9468906806;B
20240126;104546;1607.8;4;9468907757;S
20240126;104551;1607.8;3;9468908503;S
20240126;104551;1608;1;9468908549;B
20240126;104552;1608;5;9468908631;B
20240126;104553;1608;100;9468908858;B
20240126;104601;1608;2;9468909783;B
20240126;104601;1608;3;9468909847;B
20240126;104603;1607.8;1;9468910090;S
20240126;104605;1607.8;8;9468910332;S
20240126;104620;1607.8;42;9468912625;B
20240126;104620;1607.8;5;9468912626;B
20240126;104624;1608;1;9468913265;B
20240126;104625;1607.8;8;9468913391;S
20240126;104625;1608;13;9468913392;B
20240126;104632;1608;1;9468914424;B
20240126;104634;1608;3055;9468914707;B
20240126;104638;1608.8;4;9468915110;S
20240126;104646;1609.4;2;9468915898;B
20240126;104646;1609.4;3;9468915899;B
20240126;104646;1609.4;1;9468915900;B
20240126;104646;1609.6;5;9468915901;B
20240126;104646;1609.6;23;9468915902;B
20240126;104646;1609.8;20;9468915903;B
20240126;104646;1609.8;4;9468915904;B
20240126;104646;1609.8;42;9468915905;B
20240126;104702;1609.8;8;9468918256;B
20240126;104702;1609.8;15;9468918257;B
20240126;104702;1609.8;4;9468918258;B
20240126;104702;1609.8;25;9468918259;B
20240126;104702;1609.8;2;9468918260;B
20240126;104702;1609.8;25;9468918261;B
20240126;104702;1609.8;50;9468918262;B
20240126;104702;1609.8;40;9468918263;B
20240126;104702;1609.8;20;9468918264;B
20240126;104702;1609.8;5;9468918265;B
20240126;104702;1609.8;30;9468918266;B
20240126;104702;1609.8;1;9468918267;B
20240126;104702;1609.8;100;9468918268;B
20240126;104702;1610;325;9468918269;B
20240126;104702;1610;311;9468918270;B
20240126;104702;1610;1000;9468918271;B
20240126;104702;1610;1;9468918272;B
20240126;104702;1610;16;9468918273;B
20240126;104702;1610;100;9468918274;B
20240126;104702;1610;100;9468918275;B
20240126;104702;1610;100;9468918276;B
20240126;104702;1610;100;9468918277;B
20240126;104702;1610;22;9468918278;B
20240126;104723;1609.4;2;9468921505;S
20240126;104725;1609.4;58;9468921797;S
20240126;104725;1609.4;60;9468921798;S
20240126;104725;1609.2;1;9468921799;S
20240126;104725;1609;105;9468921800;S
20240126;104725;1608.8;23;9468921801;S
20240126;104725;1608.8;63;9468921802;S
20240126;104725;1608.8;63;9468921803;S
20240126;104725;1608.6;186;9468921804;S
20240126;104725;1608.6;51;9468921805;S
20240126;104725;1608.4;5;9468921806;S
20240126;104725;1608.4;20;9468921807;S
20240126;104725;1608.4;1;9468921808;S
20240126;104725;1608.2;54;9468921809;S
20240126;104729;1609.8;4;9468922477;B
20240126;104733;1609;20;9468922829;S
20240126;104733;1609;1;9468922833;S
20240126;104735;1609.8;1;9468923116;B
20240126;104738;1609;3;9468923568;S
20240126;104745;1609.8;7;9468924545;B
20240126;104758;1609;1;9468926489;S
20240126;104758;1609;1;9468926490;S
20240126;104758;1609;3;9468926491;S
20240126;104813;1609.6;1;9468928233;S
20240126;104817;1609.8;1;9468928538;B
20240126;104821;1609.6;2;9468928991;S
20240126;104825;1609.6;1;9468929847;S
20240126;104831;1609.8;30;9468930760;B
20240126;104832;1609.6;10;9468930989;S
20240126;104834;1609.8;7;9468931262;B
20240126;104834;1609.8;5;9468931263;B
20240126;104835;1609.8;1;9468931491;B
20240126;104842;1609.8;1;9468932506;B
20240126;104842;1609.8;1;9468932507;B
20240126;104842;1609.8;1;9468932508;B
20240126;104842;1609.8;60;9468932509;B
20240126;104842;1609.8;60;9468932510;B
20240126;104842;1610;78;9468932511;B
20240126;104842;1610;100;9468932512;B
20240126;104842;1610;5;9468932513;B
20240126;104842;1610;20;9468932514;B
20240126;104842;1610;3;9468932515;B
20240126;104842;1610;1;9468932516;B
20240126;104842;1610;5;9468932517;B
20240126;104842;1610;9;9468932518;B
20240126;104842;1610;1;9468932519;B
20240126;104842;1610;400;9468932520;B
20240126;104842;1610;1;9468932521;B
20240126;104842;1610;4;9468932522;B
20240126;104851;1610;16;9468933595;B
20240126;104851;1610;23;9468933596;B
20240126;104851;1610;95;9468933597;B
20240126;104851;1610;2;9468933598;B
20240126;104851;1610;46;9468933599;B
20240126;104858;1610;70;9468934500;B
20240126;104859;1610;250;9468934579;B
20240126;104907;1610;1;9468935682;B
20240126;104907;1609.6;3;9468935685;S
20240126;104914;1610;3;9468937213;B
20240126;104918;1609.6;3;9468937719;S
20240126;104918;1609.6;3;9468937720;S
20240126;104944;1609.6;2;9468941854;S
20240126;104944;1609.6;15;9468941866;S
20240126;104944;1609.6;20;9468941867;S
20240126;104944;1609.6;1;9468941868;S
20240126;104944;1609;23;9468941869;S
20240126;104944;1608.8;60;9468941870;S
20240126;104944;1608.6;10;9468941871;S
20240126;104944;1608.6;2;9468941872;S
20240126;104944;1608.4;1;9468941873;S
20240126;104944;1608.4;1;9468941874;S
20240126;104944;1608.4;1;9468941875;S
20240126;104944;1608.4;10;9468941876;S
20240126;104944;1608.4;201;9468941877;S
20240126;104944;1608.2;170;9468941878;S
20240126;104944;1608.2;10;9468941879;S
20240126;104944;1608.2;1;9468941880;S
20240126;104944;1608.2;2;9468941881;S
20240126;104944;1608.2;10;9468941882;S
20240126;104944;1608.2;63;9468941883;S
20240126;104944;1608.2;63;9468941884;S
20240126;104944;1608.2;186;9468941885;S
20240126;104944;1608;620;9468941886;S
20240126;104944;1608;10;9468941887;S
20240126;104944;1608;150;9468941888;S
20240126;104944;1608;1;9468941889;S
20240126;104944;1608;30;9468941890;S
20240126;104944;1607.8;9;9468941891;S
20240126;104944;1607.8;3;9468941892;S
20240126;104944;1607.8;10;9468941893;S
20240126;104944;1607.6;10;9468941894;S
20240126;104944;1607.6;60;9468941895;S
20240126;104944;1607.2;172;9468941896;S
20240126;104944;1607;5;9468941897;S
20240126;104944;1607;13;9468941898;S
20240126;104944;1607;1;9468941899;S
20240126;104944;1607;21;9468941900;S
20240126;104944;1607;1;9468941901;S
20240126;104944;1607;1;9468941902;S
20240126;104944;1607;62;9468941903;S
20240126;104944;1607;10;9468941904;S
20240126;104944;1607;10;9468941905;S
20240126;104944;1606.8;3;9468941906;S
20240126;104944;1606.8;600;9468941907;S
20240126;104944;1606.6;2;9468941908;S
20240126;104944;1606.6;10;9468941909;S
20240126;104944;1606.6;3;9468941910;S
20240126;104944;1606.4;10;9468941911;S
20240126;104944;1606.4;20;9468941912;S
20240126;104944;1606.4;1;9468941913;S
20240126;104944;1606.4;600;9468941914;S
20240126;104944;1606.4;592;9468941915;S
20240126;104944;1607;3;9468941918;S
20240126;104944;1607.8;2;9468941973;B
20240126;104944;1608;13;9468941974;B
20240126;104948;1607.6;62;9468942304;B
20240126;104958;1607.8;1;9468943277;B
20240126;104959;1607.6;6;9468943414;B
20240126;105001;1607.4;21;9468943752;B
20240126;105006;1607.4;10;9468944658;B
20240126;105017;1607.4;3;9468946291;B
20240126;105019;1607.4;400;9468946607;B
20240126;105029;1607.2;1;9468948169;S
20240126;105031;1607.2;1;9468948438;S
20240126;105033;1607.2;1;9468948685;S
20240126;105039;1607.2;2;9468949382;S
20240126;105039;1607.2;49;9468949383;S
20240126;105040;1608.2;3;9468949587;B
20240126;105052;1608;2;9468951044;B
20240126;105052;1608.2;40;9468951045;B
20240126;105056;1608.2;31;9468951587;B
20240126;105057;1608.2;5;9468951620;B
20240126;105109;1608.2;1;9468952971;S
20240126;105110;1608.2;1;9468953079;S
20240126;105110;1608.2;10;9468953080;S
20240126;105110;1607.8;63;9468953081;S
20240126;105110;1607.8;63;9468953082;S
20240126;105110;1607.6;13;9468953083;S
20240126;105110;1608.8;23;9468953095;B
20240126;105110;1608.8;7;9468953096;B
20240126;105124;1608.8;3;9468954218;B
20240126;105134;1607.4;23;9468954962;S
20240126;105134;1607.2;1;9468954963;S
20240126;105134;1607.2;2;9468954964;S
20240126;105134;1607.2;4;9468954965;S
20240126;105141;1607.2;2;9468955751;S
20240126;105150;1607;10;9468956388;S
20240126;105201;1607.2;25;9468957315;S
20240126;105203;1607.2;1;9468957461;S
20240126;105208;1607.4;6;9468958003;S
20240126;105212;1607.2;10;9468958483;S
20240126;105216;1607.4;21;9468959174;S
20240126;105220;1608;10;9468959648;B
20240126;105220;1608;3;9468959756;B
20240126;105223;1608;8;9468960144;B
20240126;105231;1607.4;10;9468961003;S
20240126;105247;1608;10;9468962935;B
20240126;105253;1608;15;9468963349;B
20240126;105256;1607.8;5;9468963574;B
20240126;105256;1608;4;9468963575;B
20240126;105256;1608;10;9468963576;B
20240126;105256;1608.2;13;9468963577;B
20240126;105256;1608.2;23;9468963578;B
20240126;105256;1608.2;45;9468963579;B
20240126;105308;1609;5;9468965158;B
20240126;105308;1609;14;9468965159;B
20240126;105315;1609.4;60;9468965654;B
20240126;105315;1609.4;40;9468965655;B
20240126;105319;1609.6;1;9468965953;B
20240126;105319;1608.4;6;9468966003;S
20240126;105324;1609;6;9468966360;B
20240126;105324;1609;44;9468966361;B
20240126;105333;1608;1;9468967062;S
20240126;105333;1608;6;9468967063;S
20240126;105335;1608.8;1;9468967372;B
20240126;105356;1608.8;5;9468971104;B
20240126;105356;1608.8;5;9468971105;B
20240126;105405;1609;1;9468972511;B
20240126;105431;1609;2;9468976139;B
20240126;105436;1609;2;9468976712;B
20240126;105440;1608.2;1;9468977058;S
20240126;105448;1608.6;1;9468977726;B
20240126;105450;1608;2;9468977950;S
20240126;105453;1608.4;1;9468978235;B
20240126;105453;1608.6;246;9468978236;B
20240126;105453;1608.6;60;9468978237;B
20240126;105453;1608.6;60;9468978238;B
20240126;105453;1608.6;1;9468978239;B
20240126;105500;1609;30;9468978782;B
20240126;105512;1608.6;20;9468979684;S
20240126;105513;1609;3;9468979714;B
20240126;105514;1609;1;9468979843;B
20240126;105523;1609;4;9468980495;B
20240126;105526;1609.2;1;9468980681;B
20240126;105526;1609;1;9468980682;S
20240126;105530;1608.6;1;9468981336;S
20240126;105533;1609.2;1;9468981789;B
20240126;105533;1609.2;4;9468981790;B
20240126;105533;1609.2;4;9468981886;B
20240126;105542;1609.4;2;9468983136;B
20240126;105554;1609.4;1;9468984680;B
20240126;105555;1609.4;1;9468984949;B
20240126;105558;1609.4;5;9468985428;B
20240126;105600;1609;1;9468985750;S
20240126;105601;1608.6;1;9468985859;S
20240126;105601;1609;49;9468985913;B
20240126;105601;1609.2;1;9468985914;B
20240126;105603;1609;1;9468986214;S
20240126;105605;1609.2;1;9468986369;B
20240126;105608;1609;1;9468986887;S
20240126;105614;1609.2;3;9468987357;B
20240126;105620;1609.2;10;9468988299;B
20240126;105623;1609;1;9468988774;S
20240126;105626;1609.2;18;9468989434;B
20240126;105626;1609;3;9468989471;S
20240126;105632;1609;9;9468990612;S
20240126;105637;1608.8;1;9468991545;B
20240126;105637;1608.6;10;9468991549;S
20240126;105639;1608.8;50;9468992132;B
20240126;105640;1608.8;26;9468992265;B
20240126;105642;1608.6;30;9468992450;S
20240126;105651;1608.8;5;9468993294;B
20240126;105653;1608.6;392;9468993427;S
20240126;105653;1608.4;23;9468993428;S
20240126;105653;1608.2;1;9468993429;S
20240126;105653;1608.2;63;9468993430;S
20240126;105653;1608;28;9468993431;S
20240126;105653;1608;1;9468993432;S
20240126;105653;1608;592;9468993433;S
20240126;105704;1608.2;63;9468995330;S
20240126;105704;1608;437;9468995331;S
20240126;105732;1608.8;1;9468999552;B
20240126;105740;1608.2;10;9469001036;S
20240126;105745;1608.2;20;9469001847;S
20240126;105748;1608.8;1;9469002239;B
20240126;105752;1608.2;12;9469003143;S
20240126;105753;1608.8;2;9469003179;B
20240126;105754;1608.8;1;9469003331;B
20240126;105805;1608;8;9469004603;S
20240126;105834;1608.8;3;9469007782;B
20240126;105835;1608.8;1;9469007896;B
20240126;105838;1608.8;1;9469008196;B
20240126;105845;1608.8;3;9469009551;B
20240126;105845;1608.8;1;9469009593;B
20240126;105856;1608.8;1;9469011351;B
20240126;105910;1608.6;10;9469012814;S
20240126;105914;1608.8;3;9469013147;B
20240126;105915;1608.6;50;9469013163;S
20240126;105915;1608.6;9;9469013164;S
20240126;105915;1608.6;38;9469013165;S
20240126;105915;1608.6;1;9469013166;S
20240126;105915;1608.4;42;9469013167;S
20240126;105915;1608.4;1;9469013168;S
20240126;105915;1608.4;1;9469013169;S
20240126;105915;1608.4;1;9469013170;S
20240126;105915;1608.4;1;9469013171;S
20240126;105915;1608.4;1;9469013172;S
20240126;105915;1608.4;2;9469013173;S
20240126;105915;1608.4;1;9469013174;S
20240126;105915;1608.4;2;9469013175;S
20240126;105915;1608.4;1;9469013176;S
20240126;105915;1608.4;1;9469013177;S
20240126;105915;1608.4;1;9469013178;S
20240126;105915;1608.4;1;9469013179;S
20240126;105915;1608.4;1;9469013180;S
20240126;105915;1608.4;1;9469013181;S
20240126;105915;1608.4;1;9469013182;S
20240126;105915;1608.4;1;9469013183;S
20240126;105915;1608.4;1;9469013184;S
20240126;105915;1608.4;1;9469013185;S
20240126;105915;1608.4;1;9469013186;S
20240126;105915;1608.4;1;9469013187;S
20240126;105915;1608.4;1;9469013188;S
20240126;105915;1608.4;1;9469013189;S
20240126;105915;1608.4;1;9469013190;S
20240126;105915;1608.4;1;9469013191;S
20240126;105915;1608.4;1;9469013192;S
20240126;105915;1608.4;2;9469013193;S
20240126;105915;1608.4;1;9469013194;S
20240126;105915;1608.4;1;9469013195;S
20240126;105915;1608.4;1;9469013196;S
20240126;105915;1608.4;1;9469013197;S
20240126;105915;1608.4;1;9469013198;S
20240126;105915;1608.4;1;9469013199;S
20240126;105915;1608.4;1;9469013200;S
20240126;105915;1608.4;1;9469013201;S
20240126;105915;1608.4;1;9469013202;S
20240126;105915;1608.4;1;9469013203;S
20240126;105915;1608.4;1;9469013204;S
20240126;105915;1608.4;1;9469013205;S
20240126;105915;1608.4;1;9469013206;S
20240126;105915;1608.4;1;9469013207;S
20240126;105915;1608.4;1;9469013208;S
20240126;105915;1608.4;1;9469013209;S
20240126;105915;1608.4;1;9469013210;S
20240126;105915;1608.4;1;9469013211;S
20240126;105915;1608.4;1;9469013212;S
20240126;105915;1608.4;1;9469013213;S
20240126;105915;1608.4;1;9469013214;S
20240126;105915;1608.4;1;9469013215;S
20240126;105915;1608.4;1;9469013216;S
20240126;105915;1608.4;1;9469013217;S
20240126;105915;1608.4;1;9469013218;S
20240126;105915;1608.4;1;9469013219;S
20240126;105915;1608.4;1;9469013220;S
20240126;105915;1608.4;1;9469013221;S
20240126;105915;1608.4;1;9469013222;S
20240126;105915;1608.4;1;9469013223;S
20240126;105915;1608.4;1;9469013224;S
20240126;105915;1608.4;4;9469013225;S
20240126;105915;1608.4;1;9469013226;S
20240126;105915;1608.4;2;9469013227;S
20240126;105915;1608.4;1;9469013228;S
20240126;105915;1608.4;1;9469013229;S
20240126;105915;1608.4;1;9469013230;S
20240126;105915;1608.4;1;9469013231;S
20240126;105915;1608.4;1;9469013232;S
20240126;105915;1608.4;1;9469013233;S
20240126;105915;1608.4;1;9469013234;S
20240126;105915;1608.4;1;9469013235;S
20240126;105915;1608.4;1;9469013236;S
20240126;105915;1608.4;1;9469013237;S
20240126;105915;1608.4;1;9469013238;S
20240126;105915;1608.4;1;9469013239;S
20240126;105915;1608.4;1;9469013240;S
20240126;105915;1608.4;1;9469013241;S
20240126;105915;1608.4;1;9469013242;S
20240126;105915;1608.4;1;9469013243;S
20240126;105915;1608.4;1;9469013244;S
20240126;105915;1608.4;1;9469013245;S
20240126;105915;1608.4;1;9469013246;S
20240126;105915;1608.4;1;9469013247;S
20240126;105915;1608.4;1;9469013248;S
20240126;105915;1608.4;1;9469013249;S
20240126;105915;1608.4;1;9469013250;S
20240126;105915;1608.2;60;9469013251;S
20240126;105915;1608;463;9469013252;S
20240126;105915;1608;1;9469013253;S
20240126;105915;1608;100;9469013254;S
20240126;105915;1607.8;1;9469013255;S
20240126;105915;1607.8;63;9469013256;S
20240126;105915;1607.8;82;9469013257;S
20240126;105918;1608.4;1;9469013505;S
20240126;105918;1608.4;2;9469013506;S
20240126;105918;1608.4;1;9469013507;S
20240126;105918;1608.4;2;9469013508;S
20240126;105918;1608.4;1;9469013509;S
20240126;105918;1608.4;1;9469013510;S
20240126;105918;1608.4;1;9469013511;S
20240126;105918;1608.4;1;9469013512;S
20240126;105920;1608.8;2;9469013725;B
20240126;105920;1608.8;1;9469013726;B
20240126;105920;1608.8;1;9469013727;B
20240126;105920;1608.8;63;9469013728;B
20240126;105920;1609;291;9469013729;B
20240126;105920;1609;23;9469013730;B
20240126;105920;1609;5;9469013731;B
20240126;105921;1609;107;9469013762;S
20240126;105921;1609;7;9469013787;S
20240126;105921;1608.4;1;9469013788;S
20240126;105921;1608.4;1;9469013789;S
20240126;105921;1608.4;1;9469013790;S
20240126;105921;1608.4;1;9469013791;S
20240126;105921;1608.4;1;9469013792;S
20240126;105921;1608.4;1;9469013793;S
20240126;105921;1608.4;2;9469013794;S
20240126;105921;1608.4;1;9469013795;S
20240126;105921;1608.4;1;9469013796;S
20240126;105921;1608.4;1;9469013797;S
20240126;105921;1608.4;1;9469013798;S
20240126;105921;1608.4;1;9469013799;S
20240126;105921;1608.4;1;9469013800;S
20240126;105921;1608.4;1;9469013801;S
20240126;105921;1608.4;1;9469013802;S
20240126;105921;1608.4;1;9469013803;S
20240126;105921;1608.4;1;9469013804;S
20240126;105921;1608.4;1;9469013805;S
20240126;105921;1608.4;1;9469013806;S
20240126;105921;1608.4;1;9469013807;S
20240126;105921;1608.4;1;9469013808;S
20240126;105921;1608.4;1;9469013809;S
20240126;105921;1608.4;1;9469013810;S
20240126;105921;1608.4;4;9469013811;S
20240126;105921;1608.4;1;9469013812;S
20240126;105921;1608.4;2;9469013813;S
20240126;105921;1608.4;1;9469013814;S
20240126;105921;1608.4;1;9469013815;S
20240126;105921;1608.4;1;9469013816;S
20240126;105921;1608.4;1;9469013817;S
20240126;105921;1608.4;1;9469013818;S
20240126;105921;1608.4;1;9469013819;S
20240126;105921;1608.4;1;9469013820;S
20240126;105921;1608.4;1;9469013821;S
20240126;105921;1608.4;1;9469013822;S
20240126;105921;1608.4;1;9469013823;S
20240126;105921;1608.4;1;9469013824;S
20240126;105921;1608.4;1;9469013825;S
20240126;105926;1608.4;1;9469014125;S
20240126;105926;1608.4;1;9469014126;S
20240126;105926;1608.4;2;9469014127;S
20240126;105926;1608.4;1;9469014128;S
20240126;105926;1608.4;2;9469014129;S
20240126;105926;1608.4;1;9469014130;S
20240126;105926;1608.4;1;9469014131;S
20240126;105926;1608.4;1;9469014132;S
20240126;105926;1608.4;1;9469014133;S
20240126;105926;1608.4;1;9469014134;S
20240126;105926;1608.4;1;9469014135;S
20240126;105926;1608.4;1;9469014136;S
20240126;105926;1608.4;1;9469014137;S
20240126;105926;1608.4;1;9469014138;S
20240126;105926;1608.4;1;9469014139;S
20240126;105926;1608.4;1;9469014140;S
20240126;105926;1608.4;1;9469014141;S
20240126;105926;1608.4;2;9469014142;S
20240126;105926;1608.4;1;9469014143;S
20240126;105926;1608.4;1;9469014144;S
20240126;105926;1608.4;1;9469014145;S
20240126;105926;1608.4;1;9469014146;S
20240126;105926;1608.4;1;9469014147;S
20240126;105926;1608.4;1;9469014148;S
20240126;105926;1608.4;1;9469014149;S
20240126;105926;1608.4;4;9469014150;S
20240126;105926;1608.4;1;9469014151;S
20240126;105926;1608.4;2;9469014152;S
20240126;105926;1608.4;1;9469014153;S
20240126;105926;1608.4;1;9469014154;S
20240126;105926;1608.4;1;9469014155;S
20240126;105926;1608.4;1;9469014156;S
20240126;105933;1608.8;1;9469014709;B
20240126;105933;1608.8;1;9469014710;B
20240126;105933;1609.2;8;9469014711;B
20240126;105939;1608.4;1;9469015125;S
20240126;105944;1608.8;1;9469015387;B
20240126;105944;1608.8;1;9469015388;B
20240126;105944;1608.8;1;9469015389;B
20240126;105948;1609;1;9469015758;S
20240126;105948;1609;1;9469015767;S
20240126;105948;1609;1;9469015773;S
20240126;105948;1609;1;9469015789;S
20240126;110005;1609;9;9469017779;S
20240126;110005;1609.2;1;9469017817;B
20240126;110006;1609;1;9469017853;S
20240126;110007;1609.2;2;9469018070;B
20240126;110010;1609.2;10;9469018611;B
20240126;110011;1609;2;9469018726;S
20240126;110015;1609.2;16;9469019155;B
20240126;110015;1609.2;84;9469019156;B
20240126;110015;1609.2;1;9469019174;B
20240126;110016;1609;5;9469019296;S
20240126;110016;1609;1;9469019307;S
20240126;110018;1609.2;1;9469019504;B
20240126;110019;1609;24;9469019735;S
20240126;110021;1609;1;9469019930;S
20240126;110026;1609;7;9469020769;S
20240126;110027;1609.2;1;9469020822;B
20240126;110028;1609.2;13;9469020900;B
20240126;110028;1609.2;11;9469020901;B
20240126;110033;1609.4;176;9469021639;B
20240126;110040;1609.2;2;9469022215;S
20240126;110040;1609.2;27;9469022252;S
20240126;110046;1609.4;2;9469022997;B
20240126;110047;1609.4;20;9469023037;B
20240126;110047;1609.4;1;9469023038;B
20240126;110049;1609.4;50;9469023383;B
20240126;110100;1609.4;1;9469024630;B
20240126;110104;1609.2;47;9469025270;S
20240126;110104;1609;1;9469025271;S
20240126;110104;1609;2;9469025272;S
20240126;110106;1609.4;4;9469025719;B
20240126;110110;1609;1;9469026313;S
20240126;110112;1609;1;9469026557;S
20240126;110116;1609.4;6;9469027183;B
20240126;110121;1609.4;19;9469028154;B
20240126;110121;1609.4;1;9469028155;B
20240126;110124;1609.4;1;9469028773;B
20240126;110127;1609;1;9469029357;S
20240126;110130;1609;5;9469029752;S
20240126;110130;1609;1;9469029753;S
20240126;110130;1609;1;9469029754;S
20240126;110130;1608.6;23;9469029755;S
20240126;110140;1608.6;4;9469031326;S
20240126;110142;1608.6;28;9469031659;S
20240126;110145;1608.8;1;9469031990;B
20240126;110145;1608.8;1;9469031991;B
20240126;110145;1609.4;3;9469031992;B
20240126;110155;1609;4;9469033348;S
20240126;110156;1609;3;9469033558;S
20240126;110156;1608.8;4;9469033559;S
20240126;110156;1608.6;31;9469033560;S
20240126;110157;1608.6;30;9469033790;S
20240126;110159;1608.6;38;9469034303;S
20240126;110159;1608.4;1;9469034304;S
20240126;110159;1608.4;1;9469034305;S
20240126;110159;1608.4;6;9469034306;S
20240126;110159;1608.4;1;9469034307;S
20240126;110159;1608.4;1;9469034308;S
20240126;110159;1608.4;1;9469034309;S
20240126;110159;1608.4;2;9469034310;S
20240126;110159;1608.4;2;9469034311;S
20240126;110159;1608.4;1;9469034312;S
20240126;110159;1608.4;1;9469034313;S
20240126;110159;1608.4;1;9469034314;S
20240126;110159;1608.4;2;9469034315;S
20240126;110159;1608.4;1;9469034316;S
20240126;110159;1608.4;1;9469034317;S
20240126;110159;1608.4;1;9469034318;S
20240126;110159;1608.4;1;9469034319;S
20240126;110159;1608.4;1;9469034320;S
20240126;110159;1608.4;1;9469034321;S
20240126;110159;1608.4;4;9469034322;S
20240126;110159;1608.4;2;9469034323;S
20240126;110159;1608.4;1;9469034324;S
20240126;110159;1608.4;1;9469034325;S
20240126;110159;1608.4;1;9469034326;S
20240126;110159;1608.4;1;9469034327;S
20240126;110159;1608.4;1;9469034328;S
20240126;110159;1608.4;2;9469034329;S
20240126;110159;1608.4;1;9469034330;S
20240126;110159;1608.4;1;9469034331;S
20240126;110159;1608.4;1;9469034332;S
20240126;110159;1608.4;2;9469034333;S
20240126;110159;1608.4;1;9469034334;S
20240126;110159;1608.4;1;9469034335;S
20240126;110159;1608.4;1;9469034336;S
20240126;110159;1608.4;1;9469034337;S
20240126;110159;1608.4;1;9469034338;S
20240126;110159;1608.4;1;9469034339;S
20240126;110159;1608.4;1;9469034340;S
20240126;110159;1608.4;1;9469034341;S
20240126;110159;1608.4;1;9469034342;S
20240126;110159;1608.4;1;9469034343;S
20240126;110159;1608.4;1;9469034344;S
20240126;110159;1608.4;1;9469034345;S
20240126;110159;1608.4;1;9469034346;S
20240126;110159;1608.4;3;9469034347;S
20240126;110159;1608.4;1;9469034348;S
20240126;110159;1608.4;1;9469034349;S
20240126;110159;1608.4;1;9469034350;S
20240126;110159;1608.4;1;9469034351;S
20240126;110159;1608.4;1;9469034352;S
20240126;110159;1608.4;1;9469034353;S
20240126;110159;1608.4;1;9469034354;S
20240126;110159;1608.4;1;9469034355;S
20240126;110159;1608.4;1;9469034356;S
20240126;110159;1608.4;1;9469034357;S
20240126;110159;1608.4;1;9469034358;S
20240126;110159;1608.4;1;9469034359;S
20240126;110159;1608.4;1;9469034360;S
20240126;110159;1608.4;1;9469034361;S
20240126;110159;1608.4;1;9469034362;S
20240126;110159;1608.4;1;9469034363;S
20240126;110159;1608.4;1;9469034364;S
20240126;110159;1608.4;1;9469034365;S
20240126;110159;1608.4;1;9469034366;S
20240126;110159;1608.4;1;9469034367;S
20240126;110159;1608.4;1;9469034368;S
20240126;110159;1608.4;1;9469034369;S
20240126;110159;1608.4;1;9469034370;S
20240126;110159;1608.4;1;9469034371;S
20240126;110159;1608.4;1;9469034372;S
20240126;110159;1608.4;1;9469034373;S
20240126;110159;1608.4;1;9469034374;S
20240126;110159;1608.4;1;9469034375;S
20240126;110159;1608.4;1;9469034376;S
20240126;110159;1608.4;1;9469034377;S
20240126;110159;1608.4;1;9469034378;S
20240126;110159;1608.4;1;9469034379;S
20240126;110159;1608.4;1;9469034380;S
20240126;110159;1608.4;1;9469034381;S
20240126;110159;1608.4;1;9469034382;S
20240126;110159;1608.4;1;9469034383;S
20240126;110159;1608.4;1;9469034384;S
20240126;110159;1608.4;1;9469034385;S
20240126;110159;1608.4;1;9469034386;S
20240126;110159;1608.4;1;9469034387;S
20240126;110159;1608.4;1;9469034388;S
20240126;110159;1608.4;1;9469034389;S
20240126;110159;1608.4;1;9469034390;S
20240126;110159;1608.4;1;9469034391;S
20240126;110159;1608.4;1;9469034392;S
20240126;110159;1608.4;1;9469034393;S
20240126;110159;1608.4;1;9469034394;S
20240126;110159;1608.4;1;9469034395;S
20240126;110159;1608.4;1;9469034396;S
20240126;110159;1608.4;1;9469034397;S
20240126;110159;1608.4;1;9469034398;S
20240126;110159;1608.4;1;9469034399;S
20240126;110159;1608.4;1;9469034400;S
20240126;110159;1608.4;1;9469034401;S
20240126;110159;1608.4;1;9469034402;S
20240126;110159;1608.4;1;9469034403;S
20240126;110159;1608.4;1;9469034404;S
20240126;110159;1608.4;1;9469034405;S
20240126;110159;1608.4;1;9469034406;S
20240126;110159;1608.4;1;9469034407;S
20240126;110159;1608.4;1;9469034408;S
20240126;110159;1608.4;1;9469034409;S
20240126;110159;1608.4;1;9469034410;S
20240126;110159;1608.4;1;9469034411;S
20240126;110159;1608.4;1;9469034412;S
20240126;110159;1608.4;1;9469034413;S
20240126;110159;1608.4;1;9469034414;S
20240126;110159;1608.4;1;9469034415;S
20240126;110159;1608.4;1;9469034416;S
20240126;110159;1608.4;1;9469034417;S
20240126;110159;1608.4;1;9469034418;S
20240126;110159;1608.4;1;9469034419;S
20240126;110159;1608.4;1;9469034420;S
20240126;110159;1608.4;1;9469034421;S
20240126;110159;1608.4;1;9469034422;S
20240126;110159;1608.4;1;9469034423;S
20240126;110159;1608.4;1;9469034424;S
20240126;110159;1608.4;1;9469034425;S
20240126;110159;1608.4;1;9469034426;S
20240126;110159;1608.4;1;9469034427;S
20240126;110159;1608.4;1;9469034428;S
20240126;110159;1608.4;1;9469034429;S
20240126;110159;1608.4;1;9469034430;S
20240126;110159;1608.4;1;9469034431;S
20240126;110159;1608.4;1;9469034432;S
20240126;110159;1608.4;1;9469034433;S
20240126;110159;1608.4;1;9469034434;S
20240126;110159;1608.4;1;9469034435;S
20240126;110159;1608.4;1;9469034436;S
20240126;110159;1608.4;1;9469034437;S
20240126;110159;1608.4;1;9469034438;S
20240126;110159;1608.4;1;9469034439;S
20240126;110159;1608.4;1;9469034440;S
20240126;110159;1608.4;1;9469034441;S
20240126;110159;1608.4;1;9469034442;S
20240126;110159;1608.4;1;9469034443;S
20240126;110159;1608.4;1;9469034444;S
20240126;110159;1608.4;1;9469034445;S
20240126;110159;1608.4;1;9469034446;S
20240126;110159;1608.4;1;9469034447;S
20240126;110159;1608.4;1;9469034448;S
20240126;110159;1608.4;1;9469034449;S
20240126;110159;1608.4;1;9469034450;S
20240126;110159;1608.4;1;9469034451;S
20240126;110159;1608.4;1;9469034452;S
20240126;110159;1608.4;1;9469034453;S
20240126;110159;1608.4;1;9469034454;S
20240126;110159;1608.4;1;9469034455;S
20240126;110159;1608.4;1;9469034456;S
20240126;110159;1608.4;1;9469034457;S
20240126;110159;1608.4;1;9469034458;S
20240126;110159;1608.4;1;9469034459;S
20240126;110159;1608.4;1;9469034460;S
20240126;110159;1608.4;1;9469034461;S
20240126;110159;1608.4;1;9469034462;S
20240126;110159;1608.4;1;9469034463;S
20240126;110159;1608.4;1;9469034464;S
20240126;110159;1608.4;1;9469034465;S
20240126;110159;1608.4;1;9469034466;S
20240126;110159;1608.4;1;9469034467;S
20240126;110159;1608.4;1;9469034468;S
20240126;110159;1608.4;1;9469034469;S
20240126;110159;1608.4;1;9469034470;S
20240126;110159;1608.4;2;9469034471;S
20240126;110159;1608.4;1;9469034472;S
20240126;110159;1608.4;1;9469034473;S
20240126;110159;1608.4;1;9469034474;S
20240126;110159;1608.4;1;9469034475;S
20240126;110159;1608.4;1;9469034476;S
20240126;110159;1608.4;1;9469034477;S
20240126;110159;1608.4;1;9469034478;S
20240126;110159;1608.4;1;9469034479;S
20240126;110159;1608.4;1;9469034480;S
20240126;110159;1608.4;1;9469034481;S
20240126;110159;1608.4;1;9469034482;S
20240126;110159;1608.4;1;9469034483;S
20240126;110159;1608.4;1;9469034484;S
20240126;110159;1608.4;1;9469034485;S
20240126;110159;1608.4;1;9469034486;S
20240126;110159;1608.4;1;9469034487;S
20240126;110159;1608.4;1;9469034488;S
20240126;110159;1608.4;1;9469034489;S
20240126;110159;1608.4;1;9469034490;S
20240126;110159;1608.4;1;9469034491;S
20240126;110159;1608.4;1;9469034492;S
20240126;110159;1608.4;1;9469034493;S
20240126;110159;1608.4;1;9469034494;S
20240126;110159;1608.4;1;9469034495;S
20240126;110159;1608.4;1;9469034496;S
20240126;110159;1608.4;1;9469034497;S
20240126;110159;1608.4;1;9469034498;S
20240126;110159;1608.4;1;9469034499;S
20240126;110159;1608.4;1;9469034500;S
20240126;110159;1608.4;1;9469034501;S
20240126;110159;1608.4;1;9469034502;S
20240126;110159;1608.4;1;9469034503;S
20240126;110159;1608.4;1;9469034504;S
20240126;110159;1608.4;1;9469034505;S
20240126;110159;1608.4;1;9469034506;S
20240126;110159;1608.4;1;9469034507;S
20240126;110159;1608.4;1;9469034508;S
20240126;110159;1608.4;1;9469034509;S
20240126;110159;1608.4;1;9469034510;S
20240126;110159;1608.4;1;9469034511;S
20240126;110159;1608.4;1;9469034512;S
20240126;110159;1608.4;1;9469034513;S
20240126;110159;1608.4;1;9469034514;S
20240126;110159;1608.4;1;9469034515;S
20240126;110159;1608.4;1;9469034516;S
20240126;110159;1608.4;1;9469034517;S
20240126;110159;1608.4;1;9469034518;S
20240126;110159;1608.4;1;9469034519;S
20240126;110159;1608.4;1;9469034520;S
20240126;110159;1608.4;1;9469034521;S
20240126;110159;1608.4;1;9469034522;S
20240126;110159;1608.4;1;9469034523;S
20240126;110159;1608.4;1;9469034524;S
20240126;110159;1608.4;4;9469034525;S
20240126;110159;1608.4;1;9469034526;S
20240126;110159;1608.4;1;9469034527;S
20240126;110159;1608.4;1;9469034528;S
20240126;110159;1608.4;1;9469034529;S
20240126;110159;1608.4;1;9469034530;S
20240126;110159;1608.4;1;9469034531;S
20240126;110159;1608.4;1;9469034532;S
20240126;110159;1608.4;1;9469034533;S
20240126;110159;1608.4;1;9469034534;S
20240126;110159;1608.4;1;9469034535;S
20240126;110159;1608.4;1;9469034536;S
20240126;110159;1608.4;1;9469034537;S
20240126;110159;1608.4;1;9469034538;S
20240126;110159;1608.4;1;9469034539;S
20240126;110159;1608.4;1;9469034540;S
20240126;110159;1608.4;1;9469034541;S
20240126;110159;1608.4;1;9469034542;S
20240126;110159;1608.4;1;9469034543;S
20240126;110159;1608.4;1;9469034544;S
20240126;110159;1608.4;1;9469034545;S
20240126;110159;1608.4;1;9469034546;S
20240126;110159;1608.4;1;9469034547;S
20240126;110159;1608.4;1;9469034548;S
20240126;110159;1608.4;1;9469034549;S
20240126;110159;1608.4;1;9469034550;S
20240126;110159;1608.4;1;9469034551;S
20240126;110159;1608.4;1;9469034552;S
20240126;110159;1608.4;1;9469034553;S
20240126;110159;1608.4;1;9469034554;S
20240126;110159;1608.4;1;9469034555;S
20240126;110159;1608.4;1;9469034556;S
20240126;110159;1608.4;1;9469034557;S
20240126;110159;1608.4;1;9469034558;S
20240126;110159;1608.4;1;9469034559;S
20240126;110159;1608.4;1;9469034560;S
20240126;110159;1608.4;1;9469034561;S
20240126;110159;1608.4;1;9469034562;S
20240126;110159;1608.4;1;9469034563;S
20240126;110159;1608.4;1;9469034564;S
20240126;110159;1608.4;3;9469034565;S
20240126;110159;1608.4;1;9469034566;S
20240126;110159;1608.4;1;9469034567;S
20240126;110159;1608.4;1;9469034568;S
20240126;110159;1608.4;1;9469034569;S
20240126;110159;1608.4;1;9469034570;S
20240126;110159;1608.4;1;9469034571;S
20240126;110159;1608.4;1;9469034572;S
20240126;110159;1608.4;1;9469034573;S
20240126;110159;1608.4;1;9469034574;S
20240126;110159;1608.4;1;9469034575;S
20240126;110159;1608.4;1;9469034576;S
20240126;110159;1608.4;2;9469034577;S
20240126;110159;1608.4;1;9469034578;S
20240126;110159;1608.4;1;9469034579;S
20240126;110159;1608.4;1;9469034580;S
20240126;110159;1608.4;1;9469034581;S
20240126;110159;1608.4;1;9469034582;S
20240126;110159;1608.4;1;9469034583;S
20240126;110159;1608.4;1;9469034584;S
20240126;110159;1608.4;1;9469034585;S
20240126;110159;1608.4;1;9469034586;S
20240126;110159;1608.4;1;9469034587;S
20240126;110159;1608.4;1;9469034588;S
20240126;110159;1608.4;1;9469034589;S
20240126;110159;1608.4;2;9469034590;S
20240126;110159;1608.4;1;9469034591;S
20240126;110159;1608.4;1;9469034592;S
20240126;110159;1608.4;1;9469034593;S
20240126;110159;1608.4;1;9469034594;S
20240126;110159;1608.4;1;9469034595;S
20240126;110159;1608.4;1;9469034596;S
20240126;110159;1608.4;1;9469034597;S
20240126;110159;1608.4;1;9469034598;S
20240126;110159;1608.4;1;9469034599;S
20240126;110159;1608.4;1;9469034600;S
20240126;110159;1608.4;1;9469034601;S
20240126;110159;1608.4;1;9469034602;S
20240126;110159;1608.4;1;9469034603;S
20240126;110159;1608.4;1;9469034604;S
20240126;110159;1608.4;1;9469034605;S
20240126;110159;1608.4;4;9469034606;S
20240126;110159;1608.4;1;9469034607;S
20240126;110159;1608.4;1;9469034608;S
20240126;110159;1608.4;1;9469034609;S
20240126;110159;1608.4;1;9469034610;S
20240126;110159;1608.4;1;9469034611;S
20240126;110159;1608.4;1;9469034612;S
20240126;110159;1608.4;1;9469034613;S
20240126;110159;1608.4;1;9469034614;S
20240126;110159;1608.4;1;9469034615;S
20240126;110159;1608.4;1;9469034616;S
20240126;110159;1608.4;1;9469034617;S
20240126;110159;1608.4;1;9469034618;S
20240126;110159;1608.4;1;9469034619;S
20240126;110159;1608.4;60;9469034620;S
20240126;110159;1608.4;1;9469034621;S
20240126;110159;1608.4;1;9469034622;S
20240126;110159;1608.4;1;9469034623;S
20240126;110159;1608.2;60;9469034624;S
20240126;110159;1608;10;9469034625;S
20240126;110159;1608;100;9469034626;S
20240126;110159;1608;110;9469034627;S
20240126;110159;1608;63;9469034628;S
20240126;110159;1607.8;17;9469034629;S
20240126;110202;1608.8;1;9469035288;B
20240126;110202;1609.2;1;9469035289;B
20240126;110205;1609;50;9469035817;S
20240126;110205;1608.6;30;9469035818;S
20240126;110205;1608.4;1;9469035819;S
20240126;110205;1608.4;6;9469035820;S
20240126;110205;1608.4;2;9469035821;S
20240126;110205;1608.4;2;9469035822;S
20240126;110205;1608.4;1;9469035823;S
20240126;110205;1608.4;1;9469035824;S
20240126;110205;1608.4;2;9469035825;S
20240126;110205;1608.4;1;9469035826;S
20240126;110205;1608.4;1;9469035827;S
20240126;110205;1608.4;1;9469035828;S
20240126;110205;1608.4;1;9469035829;S
20240126;110205;1608.4;4;9469035830;S
20240126;110205;1608.4;2;9469035831;S
20240126;110205;1608.4;1;9469035832;S
20240126;110205;1608.4;1;9469035833;S
20240126;110205;1608.4;1;9469035834;S
20240126;110205;1608.4;2;9469035835;S
20240126;110205;1608.4;2;9469035836;S
20240126;110205;1608.4;1;9469035837;S
20240126;110205;1608.4;1;9469035838;S
20240126;110205;1608.4;1;9469035839;S
20240126;110205;1608.4;3;9469035840;S
20240126;110205;1608.4;1;9469035841;S
20240126;110205;1608.4;1;9469035842;S
20240126;110205;1608.4;1;9469035843;S
20240126;110205;1608.4;1;9469035844;S
20240126;110205;1608.4;1;9469035845;S
20240126;110205;1608.4;1;9469035846;S
20240126;110205;1608.4;1;9469035847;S
20240126;110205;1608.4;1;9469035848;S
20240126;110205;1608.4;1;9469035849;S
20240126;110205;1608.4;1;9469035850;S
20240126;110205;1608.4;1;9469035851;S
20240126;110205;1608.4;1;9469035852;S
20240126;110205;1608.4;1;9469035853;S
20240126;110205;1608.4;1;9469035854;S
20240126;110205;1608.4;1;9469035855;S
20240126;110205;1608.4;1;9469035856;S
20240126;110205;1608.4;1;9469035857;S
20240126;110205;1608.4;1;9469035858;S
20240126;110205;1608.4;1;9469035859;S
20240126;110205;1608.4;1;9469035860;S
20240126;110205;1608.4;1;9469035861;S
20240126;110205;1608.4;1;9469035862;S
20240126;110205;1608.4;1;9469035863;S
20240126;110205;1608.4;1;9469035864;S
20240126;110205;1608.4;1;9469035865;S
20240126;110205;1608.4;1;9469035866;S
20240126;110205;1608.4;1;9469035867;S
20240126;110205;1608.4;1;9469035868;S
20240126;110205;1608.4;1;9469035869;S
20240126;110205;1608.4;1;9469035870;S
20240126;110205;1608.4;2;9469035871;S
20240126;110205;1608.4;1;9469035872;S
20240126;110205;1608.4;1;9469035873;S
