<DATE>;<TIME>;<LAST>;<VOL>;<ID>;<OPER>
20240226;095947;1594;1;9696766728;S
20240226;095947;1594;50;9696766729;S
20240226;095947;1594;1;9696766730;S
20240226;095947;1594;46;9696766731;S
20240226;095947;1594;1;9696766732;S
20240226;095947;1594;1;9696766733;S
20240226;095947;1594;62;9696766734;S
20240226;095947;1594;1;9696766735;S
20240226;095947;1594;1;9696766736;S
20240226;095947;1594;1;9696766737;S
20240226;095947;1594;19;9696766738;S
20240226;095947;1594;1;9696766739;S
20240226;095947;1594;64;9696766740;S
20240226;095947;1594;2;9696766741;S
20240226;095947;1594;20;9696766742;S
20240226;095947;1594;1;9696766743;S
20240226;095947;1594;3;9696766744;S
20240226;095947;1594;100;9696766745;S
20240226;095947;1594;25;9696766746;S
20240226;095947;1594;3;9696766747;S
20240226;095947;1594;52;9696766748;S
20240226;095947;1594;48;9696766749;S
20240226;095947;1594;7;9696766750;S
20240226;095947;1594;1;9696766751;S
20240226;095947;1594;1;9696766752;S
20240226;095947;1594;3;9696766753;S
20240226;095947;1594;6;9696766754;S
20240226;095947;1594;34;9696766755;S
20240226;095947;1594;1;9696766756;B
20240226;095947;1594;1;9696766757;B
20240226;095947;1594;1;9696766758;B
20240226;095947;1594;2;9696766759;B
20240226;095947;1594;1;9696766760;B
20240226;095947;1594;3;9696766761;B
20240226;095947;1594;30;9696766762;B
20240226;095947;1594;1;9696766763;B
20240226;095947;1594;1;9696766764;B
20240226;095947;1594;1;9696766765;B
20240226;095947;1594;1;9696766766;B
20240226;095947;1594;1;9696766767;B
20240226;095947;1594;1;9696766768;B
20240226;095947;1594;3;9696766769;B
20240226;095947;1594;1;9696766770;B
20240226;095947;1594;1;9696766771;B
20240226;095947;1594;1;9696766772;B
20240226;095947;1594;1;9696766773;B
20240226;095947;1594;1;9696766774;B
20240226;095947;1594;18;9696766775;B
20240226;095947;1594;3;9696766776;B
20240226;095947;1594;1;9696766777;B
20240226;095947;1594;91;9696766778;S
20240226;095947;1594;1;9696766779;S
20240226;095947;1594;25;9696766780;B
20240226;095947;1594;5;9696766781;B
20240226;095947;1594;1;9696766782;B
20240226;095947;1594;1;9696766783;B
20240226;095947;1594;35;9696766784;B
20240226;095947;1594;6;9696766785;B
20240226;095947;1594;12;9696766786;B
20240226;095947;1594;17;9696766787;B
20240226;095947;1594;13;9696766788;B
20240226;095947;1594;12;9696766789;S
20240226;095947;1594;30;9696766790;S
20240226;095947;1594;150;9696766791;S
20240226;095947;1594;4;9696766792;B
20240226;095947;1594;1;9696766793;B
20240226;095947;1594;16;9696766794;B
20240226;095947;1594;1;9696766795;B
20240226;095947;1594;2;9696766796;B
20240226;095947;1594;5;9696766797;B
20240226;095947;1594;9;9696766798;B
20240226;095947;1594;10;9696766799;B
20240226;095947;1594;1;9696766800;B
20240226;095947;1594;1;9696766801;B
20240226;095947;1594;100;9696766802;B
20240226;095947;1594;1;9696766803;S
20240226;095947;1594;25;9696766804;B
20240226;095947;1594;3;9696766805;B
20240226;095947;1594;100;9696766806;S
20240226;095947;1594;65;9696766807;B
20240226;095947;1594;1;9696766808;B
20240226;095947;1594;20;9696766809;B
20240226;095947;1594;100;9696766810;S
20240226;095947;1594;1;9696766811;S
20240226;095947;1594;362;9696766812;S
20240226;095947;1594;10;9696766813;S
20240226;095947;1594;100;9696766814;S
20240226;095947;1594;15;9696766815;S
20240226;095947;1594;1;9696766816;S
20240226;095947;1594;1;9696766817;S
20240226;095947;1594;2;9696766818;S
20240226;095947;1594;3;9696766819;S
20240226;095947;1594;1;9696766820;S
20240226;095947;1594;4;9696766821;S
20240226;095947;1594;3;9696766822;S
20240226;095947;1594;3;9696766823;S
20240226;095947;1594;18;9696766824;S
20240226;095947;1594;44;9696766825;S
20240226;095947;1594;1;9696766826;S
20240226;095947;1594;5;9696766827;S
20240226;095947;1594;6;9696766828;B
20240226;095947;1594;7;9696766829;B
20240226;095947;1594;2;9696766830;B
20240226;095947;1594;1;9696766831;B
20240226;095947;1594;1;9696766832;B
20240226;095947;1594;10;9696766833;S
20240226;095947;1594;168;9696766834;S
20240226;095947;1594;70;9696766835;S
20240226;095947;1594;20;9696766836;S
20240226;095947;1594;5;9696766837;S
20240226;095947;1594;3;9696766838;S
20240226;095947;1594;50;9696766839;S
20240226;095947;1594;200;9696766840;S
20240226;095947;1594;15;9696766841;S
20240226;095947;1594;10;9696766842;S
20240226;095947;1594;2;9696766843;S
20240226;095947;1594;285;9696766844;S
20240226;095947;1594;5;9696766845;S
20240226;095947;1594;4;9696766846;B
20240226;095947;1594;213;9696766847;S
20240226;095947;1594;6;9696766848;S
20240226;095947;1594;10;9696766849;B
20240226;095947;1594;10;9696766850;B
20240226;095947;1594;2;9696766851;S
20240226;095947;1594;100;9696766852;S
20240226;095947;1594;100;9696766853;S
20240226;095947;1594;1;9696766854;B
20240226;095947;1594;3;9696766855;B
20240226;095947;1594;6;9696766856;B
20240226;095947;1594;40;9696766857;B
20240226;095947;1594;20;9696766858;S
20240226;095947;1594;100;9696766859;S
20240226;095947;1594;14;9696766860;B
20240226;095947;1594;11;9696766861;B
20240226;095947;1594;45;9696766862;B
20240226;095947;1594;3;9696766863;B
20240226;095947;1594;1;9696766864;B
20240226;095947;1594;1;9696766865;B
20240226;095947;1594;5;9696766866;S
20240226;095947;1594;5;9696766867;B
20240226;095947;1594;160;9696766868;B
20240226;095947;1594;25;9696766869;B
20240226;095947;1594;3;9696766870;B
20240226;095947;1594;1;9696766871;B
20240226;095947;1594;3;9696766872;S
20240226;095947;1594;2;9696766873;S
20240226;095947;1594;1;9696766874;S
20240226;095947;1594;1;9696766875;S
20240226;095947;1594;11;9696766876;B
20240226;095947;1594;11;9696766877;B
20240226;095947;1594;46;9696766878;S
20240226;095947;1594;1;9696766879;B
20240226;095947;1594;2;9696766880;B
20240226;095947;1594;11;9696766881;B
20240226;095947;1594;1;9696766882;B
20240226;095947;1594;1;9696766883;B
20240226;095947;1594;4;9696766884;B
20240226;095947;1594;10;9696766885;B
20240226;095947;1594;2;9696766886;B
20240226;095947;1594;5;9696766887;B
20240226;095947;1594;35;9696766888;S
20240226;095947;1594;320;9696766889;S
20240226;095947;1594;2;9696766890;S
20240226;095947;1594;20;9696766891;S
20240226;095947;1594;75;9696766892;S
20240226;095947;1594;2;9696766893;B
20240226;095947;1594;5;9696766894;S
20240226;095947;1594;6;9696766895;B
20240226;095947;1594;2;9696766896;B
20240226;095947;1594;7;9696766897;B
20240226;095947;1594;1;9696766898;B
20240226;095947;1594;2;9696766899;B
20240226;095947;1594;2;9696766900;B
20240226;095947;1594;15;9696766901;S
20240226;095947;1594;4;9696766902;B
20240226;095947;1594;10;9696766903;B
20240226;095947;1594;2;9696766904;S
20240226;095947;1594;30;9696766905;S
20240226;095947;1594;113;9696766906;S
20240226;095947;1594;20;9696766907;S
20240226;095947;1594;184;9696766908;S
20240226;095947;1594;88;9696766909;S
20240226;095947;1594;2;9696766910;B
20240226;095947;1594;1;9696766911;B
20240226;095947;1594;25;9696766912;B
20240226;095947;1594;1;9696766913;B
20240226;095947;1594;1;9696766914;B
20240226;095947;1594;50;9696766915;S
20240226;095947;1594;1;9696766916;S
20240226;095947;1594;400;9696766917;S
20240226;095947;1594;4;9696766918;B
20240226;095947;1594;1;9696766919;B
20240226;095947;1594;1;9696766920;S
20240226;095947;1594;20;9696766921;S
20240226;095947;1594;1;9696766922;S
20240226;095947;1594;21;9696766923;S
20240226;100000;1594.2;5;9696775640;B
20240226;100000;1594.6;1;9696775641;B
20240226;100000;1594.8;1;9696775799;B
20240226;100000;1595;1;9696775860;B
20240226;100000;1595;1;9696775936;B
20240226;100000;1595;1;9696775937;B
20240226;100000;1595;10;9696775938;B
20240226;100000;1595;2;9696775939;B
20240226;100000;1595;74;9696775940;B
20240226;100000;1595;12;9696775941;B
20240226;100000;1595;3;9696775956;B
20240226;100000;1595;26;9696775957;B
20240226;100000;1595.6;2;9696775958;B
20240226;100000;1595.6;1;9696775959;B
20240226;100000;1595.8;1;9696775960;B
20240226;100000;1595.8;1;9696775961;B
20240226;100000;1596;2;9696775962;B
20240226;100000;1596;2;9696775964;B
20240226;100000;1596;50;9696775965;B
20240226;100000;1596;10;9696775966;B
20240226;100000;1596;10;9696775967;B
20240226;100000;1596;28;9696775968;B
20240226;100000;1596;72;9696775981;B
20240226;100000;1596;20;9696775982;B
20240226;100000;1596;1;9696775983;B
20240226;100000;1596.4;3;9696775984;B
20240226;100000;1596.6;25;9696775985;B
20240226;100000;1597;1;9696775986;B
20240226;100000;1597;1;9696775987;B
20240226;100000;1597;50;9696775988;B
20240226;100000;1597;1;9696775989;B
20240226;100000;1597.4;4;9696775990;B
20240226;100000;1597.8;1;9696775991;B
20240226;100000;1597.8;1;9696775992;B
20240226;100000;1597.8;1;9696775993;B
20240226;100000;1598;4;9696775994;B
20240226;100000;1598;1;9696775995;B
20240226;100000;1598;150;9696775996;B
20240226;100000;1598;1;9696775997;B
20240226;100000;1598.2;5;9696775998;B
20240226;100000;1598.2;158;9696775999;B
20240226;100000;1594.8;5;9696776194;S
20240226;100000;1598.6;25;9696776249;B
20240226;100000;1598.8;5;9696776250;B
20240226;100000;1599;1;9696776275;B
20240226;100000;1599;9;9696776276;B
20240226;100000;1596.6;12;9696776363;S
20240226;100000;1599;42;9696776579;B
20240226;100000;1599;1;9696776580;B
20240226;100000;1599;100;9696776581;B
20240226;100000;1599;2;9696776582;B
20240226;100000;1599;20;9696776583;B
20240226;100000;1599;10;9696776584;B
20240226;100000;1599;1;9696776585;B
20240226;100000;1599;5;9696776586;B
20240226;100000;1599;1;9696776587;B
20240226;100000;1599.4;1;9696776589;B
20240226;100000;1599.8;5;9696776590;B
20240226;100000;1599;18;9696776602;S
20240226;100000;1596.8;9;9696776610;S
20240226;100000;1598.6;200;9696776632;B
20240226;100000;1596.8;7;9696776710;S
20240226;100000;1598.6;9;9696776757;B
20240226;100000;1598.6;8;9696776758;B
20240226;100000;1599.8;5;9696776759;B
20240226;100000;1599.8;1;9696776760;B
20240226;100000;1599.8;1;9696776761;B
20240226;100000;1599.8;8;9696776762;B
20240226;100000;1596.8;1;9696776777;S
20240226;100000;1596.8;3;9696776809;S
20240226;100000;1598;1;9696776945;B
20240226;100000;1598.6;1;9696777144;S
20240226;100000;1599.6;190;9696777261;B
20240226;100000;1599.8;9;9696777262;B
20240226;100000;1599.2;1;9696777289;S
20240226;100000;1599.6;64;9696777364;B
20240226;100000;1599.8;18;9696777365;B
20240226;100000;1599.8;17;9696777366;B
20240226;100000;1600;1;9696777377;B
20240226;100000;1600;1;9696777378;B
20240226;100000;1600;8;9696777379;B
20240226;100000;1600;35;9696777405;B
20240226;100000;1599.8;1;9696777413;S
20240226;100000;1599.2;2;9696777414;S
20240226;100000;1598.6;8;9696777515;B
20240226;100000;1598.6;11;9696777516;B
20240226;100000;1598.6;8;9696777517;B
20240226;100000;1600;7;9696777518;B
20240226;100000;1600;1;9696777519;B
20240226;100000;1600;2;9696777520;B
20240226;100000;1600;1;9696777521;B
20240226;100000;1600;1;9696777522;B
20240226;100000;1600;1;9696777523;B
20240226;100000;1600;1;9696777524;B
20240226;100000;1600;1;9696777525;B
20240226;100000;1600;50;9696777526;B
20240226;100000;1600;100;9696777527;B
20240226;100000;1600;13;9696777528;B
20240226;100000;1600;1;9696777529;B
20240226;100000;1600;44;9696777530;B
20240226;100000;1598.6;7;9696777597;B
20240226;100000;1599.6;5;9696777599;S
20240226;100000;1600;36;9696777622;B
20240226;100000;1600;49;9696777623;B
20240226;100000;1599.8;10;9696777624;S
20240226;100000;1599.8;1;9696777628;S
20240226;100000;1599.8;1;9696777633;S
20240226;100000;1599.8;2;9696777670;S
20240226;100000;1600;1;9696777672;B
20240226;100000;1600;1;9696777673;B
20240226;100000;1600;2;9696777674;B
20240226;100000;1600;20;9696777675;B
20240226;100000;1600;71;9696777676;B
20240226;100000;1600;5;9696777677;B
20240226;100000;1600;3;9696777679;S
20240226;100000;1600;5;9696777788;S
20240226;100000;1600;1;9696777805;S
20240226;100000;1600.2;1;9696777839;B
20240226;100001;1600.2;187;9696777880;S
20240226;100001;1600;413;9696777881;S
20240226;100001;1600.4;5;9696777950;B
20240226;100001;1600.6;6;9696777973;B
20240226;100001;1600.4;1;9696778103;S
20240226;100001;1600.8;55;9696778146;B
20240226;100001;1601;10;9696778161;B
20240226;100001;1601;10;9696778205;B
20240226;100001;1601;25;9696778275;B
20240226;100001;1600.8;5;9696778436;S
20240226;100001;1600.8;1;9696778574;S
20240226;100001;1601;55;9696778577;B
20240226;100001;1601;1;9696778578;B
20240226;100001;1601.2;2;9696778579;B
20240226;100001;1601.2;5;9696778580;B
20240226;100001;1601.2;26;9696778581;B
20240226;100001;1601.6;2;9696778582;B
20240226;100001;1602;3;9696778583;B
20240226;100001;1602;1;9696778584;B
20240226;100001;1602;1;9696778585;B
20240226;100001;1602;52;9696778586;B
20240226;100001;1602.2;2;9696778587;B
20240226;100001;1600.8;3;9696778608;S
20240226;100001;1600.8;50;9696778609;S
20240226;100001;1600.8;5;9696778617;S
20240226;100001;1600.8;5;9696778641;S
20240226;100001;1602;39;9696778653;B
20240226;100001;1602;25;9696778655;B
20240226;100001;1602.6;10;9696778660;B
20240226;100001;1602.2;20;9696778672;S
20240226;100001;1602.6;10;9696778693;B
20240226;100001;1602.6;32;9696778694;B
20240226;100001;1602.2;188;9696778708;S
20240226;100001;1602.6;48;9696778732;B
20240226;100001;1602.6;25;9696778733;B
20240226;100001;1602.6;5;9696778734;B
20240226;100001;1602.6;8;9696778735;B
20240226;100001;1602.8;1;9696778736;B
20240226;100001;1602.8;1;9696778737;B
20240226;100001;1603;1;9696778738;B
20240226;100001;1603.8;1;9696778739;B
20240226;100001;1603.8;5;9696778740;B
20240226;100001;1603.8;1;9696778741;B
20240226;100001;1603.8;64;9696778742;B
20240226;100001;1604;10;9696778743;B
20240226;100001;1604;1;9696778744;B
20240226;100001;1604;1;9696778745;B
20240226;100001;1604;8;9696778746;B
20240226;100001;1603;121;9696778818;B
20240226;100001;1603;67;9696778876;B
20240226;100001;1603.8;64;9696778877;B
20240226;100001;1604;2;9696778878;B
20240226;100001;1604;2;9696778879;B
20240226;100001;1604;81;9696778880;B
20240226;100001;1604;30;9696778881;B
20240226;100001;1604;12;9696778882;B
20240226;100001;1603;2;9696779008;S
20240226;100001;1603.8;100;9696779059;B
20240226;100001;1603.8;88;9696779090;B
20240226;100001;1603.8;62;9696779091;B
20240226;100001;1603.6;90;9696779162;B
20240226;100001;1603;1;9696779166;S
20240226;100001;1603;6;9696779178;S
20240226;100001;1603.6;30;9696779212;B
20240226;100001;1603;10;9696779244;S
20240226;100001;1603.6;68;9696779296;B
20240226;100001;1603.6;64;9696779297;B
20240226;100001;1603.8;128;9696779298;B
20240226;100001;1603.8;114;9696779299;B
20240226;100001;1604;8;9696779300;B
20240226;100001;1604;8;9696779301;B
20240226;100001;1604;1;9696779302;B
20240226;100001;1604;1;9696779303;B
20240226;100001;1604;8;9696779304;B
20240226;100001;1603;1;9696779341;S
20240226;100001;1604;67;9696779366;B
20240226;100001;1604;89;9696779367;B
20240226;100001;1601.4;1;9696779370;S
20240226;100001;1603.8;10;9696779436;B
20240226;100001;1603.8;1;9696779467;B
20240226;100001;1603.8;11;9696779472;B
20240226;100001;1603.6;4;9696779475;B
20240226;100001;1600.2;1;9696779527;S
20240226;100001;1600.2;1;9696779533;S
20240226;100001;1600.2;1;9696779553;S
20240226;100001;1603.4;14;9696779590;B
20240226;100001;1600.2;1;9696779743;S
20240226;100002;1600.2;64;9696779784;S
20240226;100002;1600.2;25;9696779798;S
20240226;100002;1603;40;9696780162;B
20240226;100002;1600.2;4;9696780275;S
20240226;100002;1600.2;91;9696780319;S
20240226;100002;1600;8;9696780320;S
20240226;100002;1598.6;1;9696780321;S
20240226;100002;1603;43;9696780393;B
20240226;100002;1602.8;20;9696780603;B
20240226;100002;1602.8;10;9696780604;B
20240226;100002;1602.8;30;9696780641;B
20240226;100002;1602.8;4;9696780666;B
20240226;100002;1603;26;9696780667;B
20240226;100002;1603;121;9696780701;B
20240226;100002;1604;29;9696780702;B
20240226;100002;1599.4;300;9696780724;S
20240226;100002;1604;10;9696780727;B
20240226;100002;1604;1;9696780816;B
20240226;100002;1603.2;6;9696780848;B
20240226;100002;1603.2;5;9696780869;B
20240226;100002;1604;74;9696780870;B
20240226;100002;1604;46;9696780871;B
20240226;100002;1599.2;13;9696780888;S
20240226;100002;1600;1;9696780941;S
20240226;100002;1600.2;63;9696781003;S
20240226;100002;1600.2;50;9696781060;S
20240226;100002;1600.2;3;9696781090;S
20240226;100002;1600.2;3;9696781128;S
20240226;100002;1600.2;1;9696781186;S
20240226;100002;1602.4;1;9696781195;B
20240226;100002;1600.2;1;9696781203;S
20240226;100002;1600.2;66;9696781244;S
20240226;100002;1600.2;1;9696781277;S
20240226;100002;1600;19;9696781278;S
20240226;100002;1600;20;9696781279;S
20240226;100002;1600;15;9696781280;S
20240226;100002;1599.4;45;9696781281;S
20240226;100002;1602.4;1;9696781359;B
20240226;100002;1602.4;182;9696781378;B
20240226;100002;1602.4;7;9696781430;B
20240226;100002;1603.6;23;9696781431;B
20240226;100002;1602.4;45;9696781554;B
20240226;100002;1604.2;11;9696781555;B
20240226;100002;1599.6;10;9696781593;S
20240226;100002;1604;188;9696781604;B
20240226;100002;1604;12;9696781605;B
20240226;100002;1599.6;100;9696781638;S
20240226;100002;1599.6;1;9696781701;S
20240226;100002;1601.8;64;9696781839;B
20240226;100002;1602;36;9696781840;B
20240226;100003;1598.6;5;9696781860;S
20240226;100003;1598.8;4;9696781895;S
20240226;100003;1601.2;64;9696781950;B
20240226;100003;1601.4;1;9696781951;B
20240226;100003;1601.2;2;9696782017;B
20240226;100003;1599.2;1;9696782032;S
20240226;100003;1602;10;9696782086;B
20240226;100003;1602;9;9696782089;B
20240226;100003;1597.6;100;9696782113;S
20240226;100003;1601.8;180;9696782125;B
20240226;100003;1601.8;10;9696782153;B
20240226;100003;1597.8;2;9696782154;S
20240226;100003;1602.6;8;9696782203;B
20240226;100003;1603.4;12;9696782215;B
20240226;100003;1603.6;2;9696782257;B
20240226;100003;1599;10;9696782362;S
20240226;100003;1600.4;1;9696782525;B
20240226;100003;1601.8;31;9696782526;B
20240226;100003;1601.8;10;9696782558;B
20240226;100003;1600.2;3;9696782773;S
20240226;100003;1602.6;15;9696782780;B
20240226;100003;1600.2;60;9696782793;S
20240226;100003;1602.4;1;9696782953;B
20240226;100003;1600.2;187;9696783151;S
20240226;100003;1600;1;9696783152;S
20240226;100003;1599.2;62;9696783153;S
20240226;100003;1602.2;40;9696783199;B
20240226;100003;1600.2;51;9696783252;S
20240226;100003;1602.4;60;9696783341;B
20240226;100003;1602.4;3;9696783377;B
20240226;100003;1600.2;100;9696783408;S
20240226;100003;1600.6;187;9696783486;S
20240226;100003;1600.4;13;9696783487;S
20240226;100004;1602.4;127;9696783697;B
20240226;100004;1602.4;38;9696783698;B
20240226;100004;1602.6;70;9696783699;B
20240226;100004;1603;111;9696783700;B
20240226;100004;1603;154;9696783701;B
20240226;100004;1600.2;10;9696783751;S
20240226;100004;1599.4;20;9696783930;S
20240226;100004;1603;120;9696783942;B
20240226;100004;1599.8;50;9696784045;S
20240226;100004;1599.8;5;9696784048;S
20240226;100004;1599.8;5;9696784054;S
20240226;100004;1599.4;44;9696784081;S
20240226;100004;1599.4;5;9696784082;S
20240226;100004;1600.2;5;9696784129;S
20240226;100004;1599.8;5;9696784156;S
20240226;100004;1599.6;5;9696784189;S
20240226;100004;1599.6;5;9696784251;S
20240226;100004;1599.6;1;9696784415;S
20240226;100004;1599.6;1;9696784482;S
20240226;100004;1599.6;3;9696784530;S
20240226;100004;1601.8;20;9696784661;B
20240226;100004;1601.8;62;9696784724;B
20240226;100004;1601.8;15;9696784743;B
20240226;100004;1599.8;2;9696784838;S
20240226;100004;1599.4;1;9696784875;S
20240226;100004;1601.6;20;9696784889;B
20240226;100004;1599.4;9;9696785036;S
20240226;100004;1599.4;41;9696785037;S
20240226;100004;1599;1;9696785129;S
20240226;100005;1599;64;9696785161;S
20240226;100005;1599;5;9696785289;S
20240226;100005;1599.2;4;9696785300;S
20240226;100005;1599.2;1;9696785363;S
20240226;100005;1599.2;13;9696785516;S
20240226;100005;1599.2;13;9696785517;S
20240226;100005;1599.2;1;9696785537;S
20240226;100005;1599.2;5;9696785567;S
20240226;100005;1599.2;10;9696785581;S
20240226;100005;1599.6;10;9696785702;B
20240226;100005;1599.6;5;9696785910;B
20240226;100005;1599.6;20;9696785911;B
20240226;100005;1600;30;9696785912;B
20240226;100005;1601.4;5;9696785913;B
20240226;100005;1601.4;80;9696785915;B
20240226;100005;1600;10;9696785975;S
20240226;100005;1599.8;1;9696786025;S
20240226;100005;1599.8;1;9696786052;S
20240226;100005;1599.8;1;9696786072;S
20240226;100005;1602;1;9696786081;B
20240226;100005;1600.4;15;9696786168;S
20240226;100005;1600.4;1;9696786175;S
20240226;100005;1600.4;20;9696786262;S
20240226;100005;1600.4;5;9696786309;S
20240226;100005;1600.4;9;9696786331;S
20240226;100006;1600.4;1;9696786362;S
20240226;100006;1600.4;1;9696786364;S
20240226;100006;1600.4;3;9696786449;S
20240226;100006;1599.6;3;9696786591;S
20240226;100006;1599.6;60;9696786647;S
20240226;100006;1601.8;190;9696786750;B
20240226;100006;1601.8;120;9696786751;B
20240226;100006;1602;187;9696786752;B
20240226;100006;1602.4;203;9696786753;B
20240226;100006;1599.8;170;9696786764;S
20240226;100006;1599.8;1;9696786771;S
20240226;100006;1599.4;6;9696786791;S
20240226;100006;1599.6;9;9696786829;S
20240226;100006;1599.2;5;9696787142;S
20240226;100006;1600;3;9696787207;B
20240226;100006;1599.2;2;9696787268;S
20240226;100006;1599.2;1;9696787357;S
20240226;100006;1600;1;9696787380;B
20240226;100006;1600;2;9696787381;B
20240226;100006;1599.2;2;9696787383;S
20240226;100006;1600;1;9696787387;B
20240226;100006;1599.2;40;9696787391;S
20240226;100006;1599.2;3;9696787395;S
20240226;100006;1600;1;9696787402;B
20240226;100006;1600;1;9696787403;B
20240226;100006;1600;9;9696787404;B
20240226;100006;1599.2;3;9696787406;S
20240226;100006;1599.2;1;9696787480;S
20240226;100006;1599.2;1;9696787499;S
20240226;100006;1599.2;1;9696787504;S
20240226;100006;1600;1;9696787616;B
20240226;100006;1600.4;4;9696787617;B
20240226;100006;1601.2;190;9696787618;B
20240226;100006;1601.2;115;9696787619;B
20240226;100006;1600;1;9696787738;B
20240226;100007;1599.8;1;9696788019;S
20240226;100007;1602.2;1;9696788023;B
20240226;100007;1600;1;9696788025;S
20240226;100007;1602;1;9696788035;B
20240226;100007;1602;1;9696788056;B
20240226;100007;1600;1;9696788060;S
20240226;100007;1602.6;1;9696788211;B
20240226;100007;1600.4;1;9696788218;S
20240226;100007;1600.4;1;9696788220;S
20240226;100007;1602.6;5;9696788229;B
20240226;100007;1600.4;1;9696788238;S
20240226;100007;1600.4;1;9696788255;S
20240226;100007;1600.4;1;9696788425;S
20240226;100007;1600.4;1;9696788428;S
20240226;100007;1600.4;1;9696788434;S
20240226;100007;1600.4;1;9696788468;S
20240226;100007;1600.4;1;9696788486;S
20240226;100007;1600.4;211;9696788487;S
20240226;100007;1600.2;187;9696788488;S
20240226;100007;1599.2;152;9696788489;S
20240226;100007;1599.4;1;9696788506;S
20240226;100007;1599.2;1;9696788678;S
20240226;100007;1599;1;9696788894;S
20240226;100007;1599;1;9696788909;S
20240226;100007;1600;4;9696789001;B
20240226;100007;1600;1;9696789016;B
20240226;100007;1600;1;9696789028;B
20240226;100007;1599;1;9696789032;S
20240226;100007;1599;2;9696789035;S
20240226;100007;1599;1;9696789040;S
20240226;100007;1599;1;9696789069;S
20240226;100007;1599;1;9696789098;S
20240226;100007;1599;25;9696789192;S
20240226;100007;1600;1;9696789219;B
20240226;100007;1599;1;9696789250;S
20240226;100007;1599;1;9696789303;S
20240226;100007;1599;140;9696789620;S
20240226;100007;1600;1;9696789694;B
20240226;100007;1600;1;9696789695;B
20240226;100007;1600;1;9696789700;B
20240226;100007;1599;5;9696789703;S
20240226;100007;1600;2;9696789704;B
20240226;100007;1600;1;9696789708;B
20240226;100007;1599;1;9696789827;S
20240226;100008;1599;1;9696790286;S
20240226;100008;1599;1;9696790327;S
20240226;100008;1599;1;9696790375;S
20240226;100008;1599;1;9696790473;S
20240226;100008;1599;1;9696790624;S
20240226;100008;1599;1;9696790641;S
20240226;100008;1600;1;9696790655;B
20240226;100008;1599;1;9696790680;S
20240226;100008;1599;1;9696790686;S
20240226;100008;1599;4;9696790699;S
20240226;100008;1599;1;9696790707;S
20240226;100008;1599;1;9696790713;S
20240226;100008;1599;1;9696790789;S
20240226;100008;1600;16;9696790816;B
20240226;100008;1600;48;9696790817;B
20240226;100008;1599;1;9696790921;S
20240226;100008;1599;5;9696790972;S
20240226;100008;1599;1;9696790979;S
20240226;100008;1599;1;9696791017;S
20240226;100008;1599;1;9696791182;S
20240226;100008;1599;3;9696791347;S
20240226;100008;1599;1;9696791348;S
20240226;100008;1599;1;9696791360;S
20240226;100008;1599;1;9696791368;S
20240226;100008;1599;50;9696791483;S
20240226;100008;1599;9;9696791670;S
20240226;100008;1599.6;1;9696791675;B
20240226;100008;1599.6;90;9696791677;B
20240226;100008;1599.6;7;9696791680;B
20240226;100008;1599;19;9696791682;S
20240226;100008;1599;1;9696791735;S
20240226;100008;1599;1;9696791805;S
20240226;100008;1599;1;9696791860;S
20240226;100008;1599;2;9696792019;S
20240226;100009;1599;1;9696792230;S
20240226;100009;1599;1;9696792239;S
20240226;100009;1599;1;9696792242;S
20240226;100009;1599;1;9696792244;S
20240226;100009;1599;1;9696792683;S
20240226;100009;1599;1;9696792724;S
20240226;100009;1599;1;9696792936;S
20240226;100009;1599;1;9696793069;S
20240226;100009;1599;1;9696793545;S
20240226;100009;1599.8;1;9696793624;B
20240226;100009;1599.8;187;9696793625;B
20240226;100009;1600;1;9696793626;B
20240226;100009;1600;8;9696793627;B
20240226;100009;1600;10;9696793628;B
20240226;100009;1600;5;9696793629;B
20240226;100009;1600;5;9696793630;B
20240226;100009;1600;2;9696793631;B
20240226;100009;1600.6;5;9696793632;B
20240226;100009;1601;1;9696793633;B
20240226;100009;1601.8;1;9696793634;B
20240226;100009;1601.8;104;9696793635;B
20240226;100009;1602;2;9696793636;B
20240226;100009;1602.4;8;9696793637;B
20240226;100009;1602.4;1;9696793641;B
20240226;100009;1599;1;9696793645;S
20240226;100009;1600;1;9696793829;B
20240226;100009;1599;4;9696793839;S
20240226;100009;1599;5;9696793843;S
20240226;100009;1599;1;9696793848;S
20240226;100009;1599;1;9696793852;S
20240226;100009;1600;2;9696793873;B
20240226;100009;1599;1;9696794184;S
20240226;100009;1599;1;9696794504;S
20240226;100010;1600;1;9696794983;B
20240226;100010;1599;1;9696794985;S
20240226;100010;1599;2;9696794987;S
20240226;100010;1599;20;9696795100;S
20240226;100010;1600;1;9696795194;B
20240226;100010;1599.2;30;9696795735;B
20240226;100010;1600;3;9696795813;B
20240226;100010;1599.4;38;9696796267;S
20240226;100010;1599.6;10;9696796307;B
20240226;100010;1600;1;9696796395;B
20240226;100010;1599.4;1;9696796421;S
20240226;100010;1599.4;1;9696796555;S
20240226;100010;1599.4;1;9696796564;S
20240226;100011;1600;1;9696796603;B
20240226;100011;1600;3;9696796604;B
20240226;100011;1600;1;9696796605;B
20240226;100011;1600;3;9696796606;B
20240226;100011;1600;16;9696796607;B
20240226;100011;1600;3;9696796608;B
20240226;100011;1600;2;9696796609;B
20240226;100011;1600;10;9696796610;B
20240226;100011;1600;1;9696796645;S
20240226;100011;1600.4;2;9696796673;B
20240226;100011;1600.4;3;9696796951;B
20240226;100011;1600;1;9696796952;S
20240226;100011;1600.4;1;9696796954;B
20240226;100011;1600.4;4;9696797062;B
20240226;100011;1600.4;5;9696797110;B
20240226;100011;1601;4;9696797111;B
20240226;100011;1601;4;9696797112;B
20240226;100011;1601.6;14;9696797414;B
20240226;100011;1600;4;9696797685;S
20240226;100011;1600;55;9696797703;S
20240226;100011;1599.4;35;9696797704;S
20240226;100011;1599.4;10;9696797705;B
20240226;100011;1599.4;7;9696797760;S
20240226;100011;1599.4;1;9696797874;S
20240226;100011;1601.2;5;9696797877;B
20240226;100011;1599.4;3;9696797882;S
20240226;100011;1601.2;1;9696797884;B
20240226;100011;1599.4;16;9696797887;S
20240226;100011;1601.2;184;9696797890;B
20240226;100011;1601.2;187;9696797891;B
20240226;100011;1602.4;228;9696797892;B
20240226;100011;1602.6;212;9696797893;B
20240226;100011;1602.6;5;9696797894;B
20240226;100011;1602.6;5;9696797895;B
20240226;100011;1602.8;20;9696797896;B
20240226;100011;1603;2;9696797897;B
20240226;100011;1603.6;1;9696797898;B
20240226;100011;1603.8;41;9696797899;B
20240226;100011;1603.8;7;9696797900;B
20240226;100011;1603.8;247;9696797901;B
20240226;100011;1603.8;85;9696797902;B
20240226;100011;1603.8;600;9696797903;B
20240226;100011;1604;72;9696797904;B
20240226;100011;1602.4;39;9696798000;S
20240226;100011;1603.8;9;9696798008;B
20240226;100011;1603.8;1;9696798142;B
20240226;100012;1603.8;73;9696798509;B
20240226;100012;1602.4;7;9696798585;S
20240226;100012;1603.8;1;9696798814;B
20240226;100012;1602.4;1;9696798861;S
20240226;100012;1602.4;29;9696798888;S
20240226;100012;1603.8;68;9696798928;B
20240226;100012;1603.8;43;9696798962;B
20240226;100012;1603.8;37;9696798963;B
20240226;100012;1604;3;9696798964;B
20240226;100012;1604;50;9696798965;B
20240226;100012;1604;2;9696798966;B
20240226;100012;1604;10;9696798967;B
20240226;100012;1604.2;19;9696798968;B
20240226;100012;1604.2;70;9696798969;B
20240226;100012;1604.2;35;9696798970;B
20240226;100012;1604.2;200;9696798971;B
20240226;100012;1604.4;1;9696798972;B
20240226;100012;1604.6;7;9696798996;B
20240226;100012;1604.6;1;9696798998;B
20240226;100012;1604.6;1;9696799001;B
20240226;100012;1602.8;2;9696799005;S
20240226;100012;1603;105;9696799018;S
20240226;100012;1603;10;9696799021;S
20240226;100012;1602.4;11;9696799189;S
20240226;100012;1603.6;1;9696799685;B
20240226;100012;1603.6;1;9696799692;B
20240226;100012;1604.4;9;9696799693;B
20240226;100012;1604.4;4;9696799699;B
20240226;100012;1604.4;10;9696799911;B
20240226;100012;1602.4;6;9696800155;S
20240226;100012;1602.4;100;9696800402;S
20240226;100012;1604.4;23;9696800440;B
20240226;100012;1604.4;150;9696800515;B
20240226;100012;1604.4;8;9696800559;B
20240226;100012;1602.6;1;9696800970;S
20240226;100012;1604.4;1;9696800972;B
20240226;100012;1602.6;1;9696800976;S
20240226;100012;1604.4;3;9696801081;B
20240226;100012;1602.6;1;9696801112;S
20240226;100013;1604.4;18;9696801227;B
20240226;100013;1602.6;1;9696801332;S
20240226;100013;1604.4;12;9696801408;B
20240226;100013;1604.4;1;9696801526;B
20240226;100013;1604.6;5;9696801527;B
20240226;100013;1604.6;3;9696801695;B
20240226;100013;1604.6;3;9696801715;B
20240226;100013;1604.6;3;9696801825;B
20240226;100014;1604.6;2;9696802738;B
20240226;100014;1604.6;1;9696802739;B
20240226;100014;1604;1;9696803750;B
20240226;100014;1604.2;6;9696803751;B
20240226;100015;1603;1;9696804391;S
20240226;100015;1604.6;2;9696804392;B
20240226;100015;1603;1;9696804394;S
20240226;100015;1604.6;1;9696804395;B
20240226;100015;1603;1;9696804962;S
20240226;100015;1602.2;1;9696804999;S
20240226;100015;1604.4;1;9696805038;B
20240226;100015;1604.4;3;9696805218;S
20240226;100015;1604.6;3;9696805242;B
20240226;100016;1604.6;1;9696805268;B
20240226;100016;1604.6;3;9696805281;B
20240226;100016;1604.4;7;9696805551;S
20240226;100016;1604.6;1;9696805770;B
20240226;100016;1604.6;2;9696805790;B
20240226;100016;1604.4;6;9696805791;S
20240226;100016;1604.4;1;9696805793;S
20240226;100016;1604.6;1;9696805812;B
20240226;100016;1604.6;5;9696806092;B
20240226;100016;1604.4;6;9696806378;S
20240226;100017;1604.4;1;9696806898;S
20240226;100017;1604.6;10;9696807130;B
20240226;100017;1604.4;5;9696807246;S
20240226;100017;1603.4;1;9696807247;S
20240226;100017;1604.6;1;9696807407;B
20240226;100017;1604.6;1;9696807414;B
20240226;100017;1603;1;9696807428;S
20240226;100017;1604.6;2;9696807441;B
20240226;100017;1603;6;9696807562;S
20240226;100017;1603;1;9696807844;S
20240226;100017;1602.4;19;9696807892;S
20240226;100017;1602.4;3;9696808201;S
20240226;100018;1602.4;2;9696808531;S
20240226;100018;1604;1;9696808766;B
20240226;100018;1604;1;9696808767;B
20240226;100018;1604.6;10;9696808768;B
20240226;100018;1604.6;14;9696808861;B
20240226;100018;1604.6;1;9696809030;B
20240226;100018;1604.6;1;9696809031;B
20240226;100018;1604.6;1;9696809032;B
20240226;100018;1604.6;68;9696809035;B
20240226;100018;1604.6;1;9696809036;B
20240226;100018;1604.8;200;9696809037;B
20240226;100018;1605;50;9696809038;B
20240226;100018;1605;20;9696809039;B
20240226;100018;1605;3;9696809040;B
20240226;100018;1605;10;9696809041;B
20240226;100018;1605;50;9696809042;B
20240226;100018;1605.2;98;9696809043;B
20240226;100018;1605.4;1;9696809044;B
20240226;100018;1605.4;1;9696809048;B
20240226;100018;1605.4;1;9696809050;B
20240226;100019;1603.8;22;9696809908;S
20240226;100019;1602.8;22;9696810050;S
20240226;100019;1603.2;187;9696810156;S
20240226;100019;1603;12;9696810157;S
20240226;100019;1603.2;6;9696810225;S
20240226;100020;1605;5;9696810475;B
20240226;100020;1605;1;9696810476;B
20240226;100020;1605;10;9696810477;B
20240226;100020;1605;1;9696810478;B
20240226;100020;1603.6;22;9696810491;S
20240226;100020;1603.4;6;9696810674;S
20240226;100020;1602.8;6;9696810815;S
20240226;100021;1603;27;9696810857;S
20240226;100021;1602.8;6;9696810896;S
20240226;100021;1602;6;9696811003;S
20240226;100021;1602;6;9696811678;S
20240226;100021;1602;5;9696811799;S
20240226;100022;1602;6;9696811849;S
20240226;100022;1604;6;9696811852;B
20240226;100022;1605;1;9696811853;B
20240226;100022;1605;1;9696811854;B
20240226;100022;1605;4;9696811855;B
20240226;100022;1603;6;9696812212;S
20240226;100023;1603;6;9696812635;S
20240226;100023;1602.8;6;9696812932;S
20240226;100023;1603.4;5;9696813269;B
20240226;100023;1603.4;5;9696813270;B
20240226;100023;1604.6;9;9696813271;B
20240226;100024;1604.8;3;9696813303;B
20240226;100024;1603.4;6;9696813305;S
20240226;100024;1603.6;6;9696813680;S
20240226;100025;1603.8;6;9696814388;S
20240226;100025;1605;4;9696814502;B
20240226;100025;1605;1;9696814503;B
20240226;100025;1605;1;9696814504;B
20240226;100025;1605;3;9696814505;B
20240226;100025;1605;1;9696814506;B
20240226;100025;1605.2;1;9696814507;B
20240226;100025;1605.4;2;9696814508;B
20240226;100025;1605.8;1;9696814509;B
20240226;100025;1605.8;58;9696814510;B
20240226;100025;1606;6;9696814511;B
20240226;100025;1606;2;9696814512;B
20240226;100025;1606;10;9696814513;B
20240226;100025;1606;1;9696814631;B
20240226;100025;1604.6;6;9696814753;S
20240226;100025;1606;1;9696814774;B
20240226;100025;1604.8;1;9696815303;S
20240226;100026;1604.8;1;9696815315;S
20240226;100026;1605.8;11;9696815432;B
20240226;100026;1606;20;9696815445;B
20240226;100026;1605.8;5;9696815981;S
20240226;100026;1605.8;14;9696816023;S
20240226;100027;1606;28;9696816210;B
20240226;100027;1606;20;9696816211;B
20240226;100027;1606;1;9696816212;B
20240226;100027;1606;21;9696816213;B
20240226;100027;1605.6;10;9696816402;B
20240226;100027;1606;22;9696816509;B
20240226;100027;1606;5;9696816532;B
20240226;100027;1606;10;9696816550;B
20240226;100027;1605.6;13;9696816747;S
20240226;100028;1606;77;9696816918;B
20240226;100028;1605;21;9696817463;B
20240226;100028;1605;1;9696817464;B
20240226;100028;1605;22;9696817564;S
20240226;100028;1605;13;9696817598;S
20240226;100029;1606;43;9696817635;B
20240226;100029;1605.8;4;9696817636;B
20240226;100029;1604.6;22;9696817651;S
20240226;100029;1606;22;9696817676;B
20240226;100029;1604.6;22;9696817750;S
20240226;100029;1604.6;13;9696817783;S
20240226;100029;1603.4;22;9696817908;S
20240226;100029;1603.4;13;9696817986;S
20240226;100029;1603.4;22;9696817998;S
20240226;100029;1603.4;13;9696818060;S
20240226;100029;1603.4;13;9696818223;S
20240226;100030;1603.4;2;9696818286;S
20240226;100030;1603.4;2;9696818293;S
20240226;100030;1603.4;13;9696818454;S
20240226;100030;1603.6;2;9696818508;S
20240226;100030;1603.6;1;9696818549;S
20240226;100031;1605;10;9696819087;B
20240226;100031;1605.8;5;9696819088;B
20240226;100031;1603.8;13;9696819305;S
20240226;100032;1605;22;9696819867;B
20240226;100033;1603.6;1;9696820157;S
20240226;100033;1605.6;15;9696820162;B
20240226;100033;1604;13;9696820617;S
20240226;100034;1603.8;13;9696821270;S
20240226;100035;1605;10;9696821596;B
20240226;100035;1605.8;12;9696821597;B
20240226;100035;1604;1;9696821602;S
20240226;100036;1604;3;9696822072;S
20240226;100036;1604;20;9696822120;S
20240226;100036;1604;100;9696822143;S
20240226;100036;1603.8;50;9696822172;S
20240226;100036;1603.6;150;9696822173;S
20240226;100036;1603.6;45;9696822237;S
20240226;100036;1603.4;5;9696822238;S
20240226;100036;1603;3;9696822277;S
20240226;100037;1605.8;1;9696822876;B
20240226;100037;1604.4;1;9696822887;S
20240226;100037;1604.4;1;9696822888;S
20240226;100037;1604.4;1;9696822889;S
20240226;100037;1604.4;6;9696823040;S
20240226;100038;1605.6;98;9696823152;B
20240226;100038;1605.8;1;9696823257;B
20240226;100039;1604.4;30;9696823522;S
20240226;100039;1604.4;20;9696823838;S
20240226;100040;1604.4;14;9696823976;S
20240226;100040;1604.4;6;9696824107;S
20240226;100040;1604.4;6;9696824391;S
20240226;100041;1605.4;1;9696824874;B
20240226;100042;1604.4;6;9696824991;S
20240226;100042;1604.4;6;9696824998;S
20240226;100042;1604.4;2;9696825054;S
20240226;100042;1605.4;1;9696825312;B
20240226;100043;1604.4;1;9696825470;S
20240226;100043;1604;5;9696825471;S
20240226;100044;1603.6;6;9696826148;S
20240226;100044;1604.2;186;9696826289;S
20240226;100044;1604;89;9696826290;S
20240226;100044;1603.2;50;9696826291;S
20240226;100044;1603;185;9696826292;S
20240226;100044;1604.8;37;9696826595;B
20240226;100045;1604;2;9696826947;B
20240226;100045;1602.6;100;9696827026;S
20240226;100047;1603.6;1;9696827995;B
20240226;100047;1603.8;50;9696827996;B
20240226;100047;1603.8;3;9696827997;B
20240226;100047;1604;18;9696827998;B
20240226;100047;1604.6;191;9696827999;B
20240226;100047;1604.6;187;9696828000;B
20240226;100047;1604.8;1;9696828001;B
20240226;100047;1605;3;9696828002;B
20240226;100047;1605.2;60;9696828003;B
20240226;100047;1605.2;410;9696828004;B
20240226;100047;1605.4;98;9696828005;B
20240226;100047;1606;300;9696828006;B
20240226;100047;1606;5;9696828007;B
20240226;100047;1606;2;9696828008;B
20240226;100047;1606;10;9696828009;B
20240226;100047;1606;50;9696828010;B
20240226;100047;1606;7;9696828011;B
20240226;100047;1606.4;1;9696828012;B
20240226;100047;1606.6;25;9696828013;B
20240226;100047;1606.6;2;9696828014;B
20240226;100047;1606.6;76;9696828015;B
20240226;100047;1606.6;2;9696828147;B
20240226;100048;1605.2;1;9696828550;S
20240226;100048;1605.2;1;9696828719;S
20240226;100050;1606.6;4;9696829901;B
20240226;100051;1605.2;226;9696830074;S
20240226;100051;1605;117;9696830075;S
20240226;100051;1605;1;9696830218;S
20240226;100052;1606.4;1;9696830455;B
20240226;100052;1605.2;1;9696830518;S
20240226;100052;1605;4;9696830519;S
20240226;100052;1606.2;1;9696830570;B
20240226;100052;1606.6;3;9696830571;B
20240226;100053;1605.2;1;9696830836;S
20240226;100053;1605.2;1;9696830898;S
20240226;100053;1605.2;20;9696830905;S
20240226;100054;1606.6;3;9696831498;B
20240226;100054;1605.4;1;9696831570;S
20240226;100054;1605.2;1;9696831647;B
20240226;100056;1605.2;3;9696832409;B
20240226;100056;1605.2;8;9696832686;S
20240226;100057;1606;10;9696832935;B
20240226;100057;1606.6;1;9696833116;B
20240226;100057;1606;79;9696833429;S
20240226;100057;1605.2;186;9696833430;S
20240226;100057;1605;35;9696833431;S
20240226;100058;1605;21;9696833471;S
20240226;100058;1606.4;1;9696833489;B
20240226;100058;1606.4;2;9696833905;S
20240226;100058;1606.4;3;9696833908;S
20240226;100059;1606.6;78;9696833965;B
20240226;100059;1606.6;16;9696834079;S
20240226;100059;1606.4;1;9696834080;S
20240226;100059;1605;2;9696834150;S
20240226;100100;1605.8;20;9696834783;B
20240226;100100;1605.8;1;9696834784;B
20240226;100100;1606;43;9696834785;B
20240226;100100;1606;40;9696834786;B
20240226;100100;1606.4;1;9696834787;B
20240226;100100;1607;1;9696834788;B
20240226;100100;1607;1;9696834789;B
20240226;100100;1607;2;9696834790;B
20240226;100100;1607;2;9696834791;B
20240226;100100;1607;64;9696834792;B
20240226;100100;1607.2;1;9696834793;B
20240226;100100;1607.4;3;9696834794;B
20240226;100100;1607.4;1;9696834795;B
20240226;100100;1605.2;1;9696835088;S
20240226;100101;1605.2;1;9696835211;S
20240226;100101;1605;320;9696835212;S
20240226;100101;1604.6;179;9696835213;S
20240226;100101;1604;1;9696835232;S
20240226;100101;1604;2;9696835233;S
20240226;100101;1603.8;67;9696835234;S
20240226;100101;1604.2;1;9696835300;S
20240226;100101;1603.8;10;9696835301;S
20240226;100101;1603.8;60;9696835302;S
20240226;100101;1603.6;29;9696835303;S
20240226;100101;1604.8;1;9696835365;B
20240226;100101;1604;1;9696835523;S
20240226;100102;1603.4;1;9696835873;S
20240226;100102;1603.4;1;9696835874;S
20240226;100102;1603.2;1;9696835890;S
20240226;100103;1604;3;9696836155;B
20240226;100103;1604.2;3;9696836156;B
20240226;100103;1604.2;100;9696836361;B
20240226;100103;1604.2;100;9696836426;B
20240226;100104;1604.2;6;9696836597;B
20240226;100105;1604.2;30;9696837174;B
20240226;100105;1602;2;9696837196;S
20240226;100106;1602;1;9696837467;S
20240226;100107;1604.2;3;9696837686;B
20240226;100107;1604.2;100;9696837749;B
20240226;100107;1604.2;69;9696837750;B
20240226;100107;1604.2;31;9696837776;S
20240226;100107;1604.2;5;9696837818;S
20240226;100107;1604.2;3;9696837927;S
20240226;100107;1604.6;3;9696837996;B
20240226;100107;1604.8;4;9696837997;B
20240226;100107;1605.2;6;9696837998;B
20240226;100107;1606.4;57;9696837999;B
20240226;100108;1606.4;92;9696838036;B
20240226;100108;1606;3;9696838158;S
20240226;100108;1603.2;2;9696838182;S
20240226;100110;1605;2;9696839069;B
20240226;100110;1606;5;9696839070;B
20240226;100110;1605.8;60;9696839089;B
20240226;100110;1606.2;10;9696839090;B
20240226;100110;1606.4;30;9696839091;B
20240226;100110;1603.4;4;9696839302;S
20240226;100113;1604;8;9696840425;B
20240226;100113;1603.8;1;9696840595;S
20240226;100114;1604.6;1;9696841128;B
20240226;100114;1604.8;1;9696841129;B
20240226;100114;1605;7;9696841130;B
20240226;100116;1605;1;9696841709;B
20240226;100118;1604;2;9696842266;S
20240226;100118;1604;2;9696842267;S
20240226;100118;1605;1;9696842461;B
20240226;100118;1603.8;2;9696842667;S
20240226;100119;1603.8;1;9696842891;S
20240226;100120;1603.2;1;9696843233;S
20240226;100121;1604.8;11;9696843402;B
20240226;100121;1605;6;9696843403;B
20240226;100121;1605;1;9696843404;B
20240226;100121;1605;172;9696843405;B
20240226;100121;1605.8;3;9696843406;B
20240226;100121;1605.8;107;9696843407;B
20240226;100121;1605;1;9696843447;S
20240226;100121;1604.2;99;9696843448;S
20240226;100121;1605.8;5;9696843498;B
20240226;100121;1605.4;210;9696843764;B
20240226;100121;1605.6;198;9696843765;B
20240226;100121;1605.6;256;9696843766;B
20240226;100121;1605.8;19;9696843767;B
20240226;100121;1606;150;9696843768;B
20240226;100121;1606;1;9696843769;B
20240226;100121;1606.6;48;9696843770;B
20240226;100121;1606.6;41;9696843771;B
20240226;100121;1606.6;58;9696843772;B
20240226;100121;1606.6;10;9696843773;B
20240226;100121;1606.8;9;9696843774;B
20240226;100122;1605;1;9696843927;B
20240226;100123;1605;1;9696844299;B
20240226;100123;1604.2;70;9696844331;S
20240226;100124;1604.2;116;9696844637;S
20240226;100124;1604;1;9696844638;S
20240226;100124;1604;2;9696844639;S
20240226;100124;1603.6;60;9696844640;S
20240226;100124;1603.6;10;9696844641;S
20240226;100124;1603.4;67;9696844642;S
20240226;100125;1604.2;3;9696844977;B
20240226;100125;1604.4;55;9696844978;B
20240226;100125;1605;29;9696844979;B
20240226;100125;1603.8;2;9696845102;S
20240226;100125;1603.8;4;9696845155;S
20240226;100127;1604.2;10;9696845603;S
20240226;100127;1604;30;9696845604;S
20240226;100127;1605;2;9696845645;B
20240226;100127;1604.2;30;9696845771;S
20240226;100127;1604.2;76;9696845874;S
20240226;100127;1603.8;124;9696845875;S
20240226;100127;1604.4;10;9696845901;S
20240226;100127;1603.2;68;9696845902;S
20240226;100130;1605;50;9696846697;B
20240226;100130;1605.2;30;9696846698;B
20240226;100130;1605.4;60;9696846699;B
20240226;100130;1605.6;189;9696846700;B
20240226;100130;1605.6;71;9696846701;B
20240226;100131;1605;1;9696846860;B
20240226;100131;1605.8;8;9696846861;B
20240226;100132;1604;50;9696847610;S
20240226;100132;1604;6;9696847645;S
20240226;100133;1604;17;9696847852;S
20240226;100134;1604.2;5;9696848014;S
20240226;100134;1604.2;10;9696848106;S
20240226;100135;1603.8;2;9696848198;S
20240226;100136;1604;1;9696848696;B
20240226;100137;1604;2;9696849018;B
20240226;100138;1604;1;9696849295;B
20240226;100138;1604;500;9696849545;B
20240226;100139;1604;200;9696849859;B
20240226;100140;1604;70;9696850025;B
20240226;100142;1604;1;9696850692;B
20240226;100142;1603.6;31;9696850983;S
20240226;100142;1603.4;203;9696850984;S
20240226;100142;1603.4;66;9696850985;S
20240226;100144;1603.8;4;9696851514;B
20240226;100145;1603.2;30;9696851976;S
20240226;100147;1603.2;2;9696852710;B
20240226;100147;1603.6;1;9696852711;B
20240226;100147;1603.8;97;9696852712;B
20240226;100147;1603;2;9696852756;S
20240226;100148;1603;198;9696852928;S
20240226;100148;1603;9;9696852929;S
20240226;100148;1603;1;9696852930;B
20240226;100149;1603;3;9696853095;B
20240226;100149;1602.2;39;9696853334;S
20240226;100152;1603;10;9696854252;B
20240226;100153;1603;5;9696854766;B
20240226;100154;1603;33;9696855134;B
20240226;100155;1602.2;6;9696855437;S
20240226;100157;1602.2;10;9696855848;S
20240226;100158;1603;20;9696856283;B
20240226;100159;1603;3;9696856646;B
20240226;100159;1603;98;9696856756;B
20240226;100200;1602;50;9696857008;S
20240226;100202;1603;5;9696857812;B
20240226;100203;1602;20;9696857953;S
20240226;100204;1603;2;9696858503;B
20240226;100206;1602;1;9696859137;S
20240226;100206;1602;50;9696859164;S
20240226;100206;1603;2;9696859353;B
20240226;100206;1602;1;9696859365;S
20240226;100207;1602;1;9696859696;S
20240226;100208;1602;2;9696859937;S
20240226;100209;1603;1;9696860260;B
20240226;100209;1602.8;1;9696860342;B
20240226;100209;1602.2;100;9696860417;B
20240226;100210;1602.4;60;9696860711;B
20240226;100210;1602.4;40;9696860712;B
20240226;100210;1602.4;2;9696860776;B
20240226;100210;1602.4;18;9696860853;B
20240226;100210;1602.4;60;9696860854;B
20240226;100210;1602.4;1;9696860880;S
20240226;100211;1602.8;21;9696860881;B
20240226;100211;1602;75;9696861024;S
20240226;100211;1602;5;9696861025;S
20240226;100211;1602;1;9696861026;S
20240226;100211;1602;160;9696861027;S
20240226;100211;1602;187;9696861028;S
20240226;100211;1601.8;72;9696861029;S
20240226;100211;1602.6;169;9696861176;B
20240226;100211;1602.6;3;9696861177;B
20240226;100211;1601.8;1;9696861194;S
20240226;100212;1602.6;4;9696861257;B
20240226;100212;1602.6;2;9696861350;B
20240226;100212;1602.6;20;9696861372;B
20240226;100212;1602.6;12;9696861615;B
20240226;100213;1602.6;1;9696862007;B
20240226;100214;1602.6;1;9696862133;B
20240226;100215;1601.8;5;9696862581;S
20240226;100216;1602.4;2;9696862776;B
20240226;100216;1602.4;1;9696862867;B
20240226;100216;1602.4;1;9696862871;B
20240226;100217;1601.8;21;9696863072;S
20240226;100217;1601.8;2;9696863089;S
20240226;100217;1602.4;6;9696863100;B
20240226;100217;1602.4;4;9696863101;B
20240226;100218;1601.8;2;9696863274;S
20240226;100218;1602.4;20;9696863404;B
20240226;100218;1602.4;32;9696863453;B
20240226;100219;1602;1;9696863640;B
20240226;100219;1602.4;1;9696863833;B
20240226;100220;1602.4;3;9696863851;B
20240226;100220;1602.4;60;9696863852;B
20240226;100220;1602.4;36;9696864003;S
20240226;100220;1601.8;59;9696864004;S
20240226;100221;1601.8;1;9696864355;S
20240226;100222;1601.8;1;9696864864;S
20240226;100222;1601.8;1;9696864882;S
20240226;100223;1602.8;9;9696865051;B
20240226;100223;1601.8;35;9696865194;S
20240226;100223;1601.8;2;9696865195;S
20240226;100224;1601.8;50;9696865432;S
20240226;100224;1602.8;3;9696865527;B
20240226;100225;1602.8;63;9696865635;B
20240226;100225;1602.8;38;9696865636;B
20240226;100226;1601.8;50;9696865939;S
20240226;100226;1602.8;1;9696866150;B
20240226;100227;1601.8;4;9696866332;S
20240226;100229;1602.4;10;9696867105;B
20240226;100229;1601.6;13;9696867157;S
20240226;100229;1601.4;75;9696867158;S
20240226;100229;1602.2;100;9696867160;B
20240226;100229;1602;67;9696867161;B
20240226;100230;1602.2;33;9696867162;B
20240226;100230;1601;50;9696867415;S
20240226;100230;1601;50;9696867419;S
20240226;100231;1602;4;9696867624;B
20240226;100231;1600.8;1;9696867654;S
20240226;100232;1602;60;9696867848;B
20240226;100232;1602.6;35;9696867849;B
20240226;100232;1601.8;2;9696867997;S
20240226;100232;1602.4;30;9696868001;B
20240226;100232;1601.8;1;9696868045;S
20240226;100233;1602.4;1;9696868184;B
20240226;100233;1601.8;1;9696868212;S
20240226;100233;1602.4;2;9696868322;B
20240226;100233;1602.4;3;9696868323;B
20240226;100233;1602.4;2;9696868337;B
20240226;100235;1601.8;20;9696868916;B
20240226;100235;1601.8;5;9696869084;S
20240226;100236;1602.6;75;9696869188;B
20240226;100236;1602.4;1;9696869396;B
20240226;100237;1601.4;1;9696869668;S
20240226;100237;1601.4;9;9696869782;S
20240226;100237;1601.4;81;9696869783;S
20240226;100237;1601.2;91;9696869784;S
20240226;100238;1601.2;1;9696869884;S
20240226;100238;1601.2;1;9696869994;S
20240226;100238;1602.2;30;9696870099;B
20240226;100238;1601.2;1;9696870163;S
20240226;100239;1601.2;1;9696870324;S
20240226;100239;1601.2;3;9696870327;S
20240226;100239;1602.2;30;9696870382;B
20240226;100239;1602.2;2;9696870383;B
20240226;100240;1602.2;2;9696870479;B
20240226;100240;1601.8;6;9696870627;B
20240226;100242;1601.8;2;9696871081;B
20240226;100243;1601.8;1;9696871462;B
20240226;100243;1601.2;130;9696871510;S
20240226;100244;1601.2;1;9696871882;B
20240226;100244;1601.6;14;9696871883;B
20240226;100244;1601;3;9696871921;S
20240226;100246;1601;197;9696872422;S
20240226;100246;1601;1;9696872423;S
20240226;100246;1601;2;9696872424;S
20240226;100246;1601;7;9696872453;B
20240226;100246;1601;3;9696872556;B
20240226;100246;1601;1;9696872622;B
20240226;100246;1601;1;9696872733;B
20240226;100247;1600.6;2;9696872813;S
20240226;100249;1600.6;56;9696873500;S
20240226;100249;1600.4;96;9696873501;S
20240226;100249;1600.2;150;9696873502;S
20240226;100249;1600;20;9696873503;S
20240226;100249;1600;30;9696873504;S
20240226;100249;1600;2;9696873505;S
20240226;100249;1600;1;9696873506;S
20240226;100249;1600;8;9696873507;S
20240226;100249;1600;187;9696873508;S
20240226;100249;1599.8;70;9696873509;S
20240226;100249;1599.6;405;9696873510;S
20240226;100249;1600.8;171;9696873577;B
20240226;100249;1600.8;60;9696873578;B
20240226;100249;1600.8;60;9696873579;B
20240226;100249;1601;150;9696873580;B
20240226;100249;1601;4;9696873661;B
20240226;100249;1601;7;9696873665;B
20240226;100250;1601;10;9696874017;B
20240226;100251;1600.8;1;9696874378;B
20240226;100253;1600;1;9696874971;S
20240226;100254;1599.8;50;9696875231;S
20240226;100254;1600.8;16;9696875257;B
20240226;100255;1599.6;187;9696875735;S
20240226;100255;1599.4;217;9696875736;S
20240226;100255;1599.2;100;9696875737;S
20240226;100255;1599;1;9696875738;S
20240226;100255;1599;2;9696875739;S
20240226;100255;1599;2;9696875740;S
20240226;100255;1598.8;18;9696875741;S
20240226;100255;1599.2;1;9696875877;S
20240226;100255;1599.2;1;9696875881;S
20240226;100255;1599.2;2;9696875882;S
20240226;100255;1599.2;1;9696875889;S
20240226;100256;1599.2;23;9696875988;S
20240226;100256;1599.2;80;9696876057;S
20240226;100256;1599.2;19;9696876058;S
20240226;100256;1598.6;1;9696876072;S
20240226;100256;1600.4;1;9696876118;B
20240226;100258;1599.2;54;9696876626;S
20240226;100258;1599.2;46;9696876627;S
20240226;100259;1600;15;9696876817;B
20240226;100259;1598.4;4;9696877027;S
20240226;100300;1600;2;9696877344;B
20240226;100301;1600;2;9696877427;B
20240226;100301;1599;1;9696877681;S
20240226;100301;1600;1;9696877685;B
20240226;100301;1600;1;9696877690;B
20240226;100302;1599.2;1;9696877778;S
20240226;100302;1600;1;9696877863;B
20240226;100302;1599;6;9696878005;S
20240226;100304;1600;5;9696878917;B
20240226;100304;1600;5;9696878953;B
20240226;100304;1600;17;9696878954;B
20240226;100304;1600;60;9696878955;B
20240226;100304;1600.2;5;9696879008;B
20240226;100305;1599;20;9696879407;S
20240226;100305;1599;27;9696879408;S
20240226;100305;1598.8;60;9696879409;S
20240226;100305;1598.6;187;9696879410;S
20240226;100305;1598.4;228;9696879411;S
20240226;100305;1598.4;60;9696879412;S
20240226;100305;1598.2;600;9696879413;S
20240226;100305;1598;1;9696879414;S
20240226;100305;1598;1;9696879415;S
20240226;100305;1598;240;9696879416;S
20240226;100305;1599.8;5;9696879476;B
20240226;100305;1599.6;1;9696879489;B
20240226;100305;1598.2;15;9696879654;S
20240226;100306;1599;24;9696879695;B
20240226;100306;1599.6;1;9696879823;B
20240226;100308;1599.6;5;9696880470;B
20240226;100309;1599.4;15;9696880915;S
20240226;100309;1599.4;2;9696880919;S
20240226;100309;1599.8;3;9696880949;B
20240226;100309;1599.8;5;9696880986;B
20240226;100309;1600;1;9696880987;B
20240226;100309;1600;60;9696880988;B
20240226;100309;1600;70;9696880989;B
20240226;100309;1600;1;9696881108;B
20240226;100309;1600.4;29;9696881109;B
20240226;100310;1599.4;1;9696881129;S
20240226;100310;1599.4;58;9696881162;S
20240226;100310;1598.8;60;9696881163;S
20240226;100310;1598.4;28;9696881164;S
20240226;100310;1598.4;2;9696881165;S
20240226;100310;1598.2;187;9696881166;S
20240226;100310;1598;260;9696881167;S
20240226;100310;1598;2;9696881168;S
20240226;100310;1597.6;600;9696881169;S
20240226;100310;1597.2;32;9696881170;S
20240226;100310;1597;3;9696881171;S
20240226;100310;1596.4;6;9696881172;S
20240226;100310;1596.2;10;9696881173;S
20240226;100310;1596;4;9696881174;S
20240226;100310;1596;200;9696881175;S
20240226;100310;1596;187;9696881176;B
20240226;100310;1596;100;9696881177;B
20240226;100310;1596;78;9696881178;B
20240226;100310;1596.6;15;9696881181;B
20240226;100310;1596.6;45;9696881182;B
20240226;100310;1596.6;100;9696881183;S
20240226;100310;1598.2;187;9696881185;B
20240226;100310;1598.2;13;9696881186;B
20240226;100310;1598.8;200;9696881187;B
20240226;100310;1598.8;155;9696881188;B
20240226;100310;1598;200;9696881189;B
20240226;100310;1598;28;9696881190;B
20240226;100310;1598.6;72;9696881191;B
20240226;100310;1599.2;100;9696881195;B
20240226;100310;1597.2;30;9696881321;S
20240226;100310;1597.2;70;9696881366;S
20240226;100310;1597.2;1;9696881375;S
20240226;100310;1599.2;46;9696881521;B
20240226;100311;1599.2;55;9696881549;B
20240226;100311;1599.2;45;9696881550;B
20240226;100311;1599.2;15;9696881656;B
20240226;100311;1599.2;2;9696881657;B
20240226;100311;1599.2;10;9696881658;B
20240226;100311;1599.6;9;9696881659;B
20240226;100311;1597.6;228;9696881824;S
20240226;100311;1597.6;60;9696881825;S
20240226;100311;1597.6;12;9696881826;S
20240226;100311;1599.6;1;9696881865;B
20240226;100313;1599.4;1;9696882231;B
20240226;100313;1599.4;1;9696882245;B
20240226;100314;1599.2;1;9696882584;B
20240226;100315;1599.2;10;9696882783;B
20240226;100316;1598.2;1;9696882953;B
20240226;100316;1599;6;9696882994;B
20240226;100317;1598;10;9696883567;S
20240226;100319;1599;1;9696884191;B
20240226;100320;1599.2;1;9696884223;B
20240226;100320;1599.2;20;9696884224;B
20240226;100320;1599.2;69;9696884225;B
20240226;100320;1599.4;1;9696884264;B
20240226;100320;1599.2;10;9696884364;S
20240226;100320;1599.4;1;9696884371;B
20240226;100321;1599.4;58;9696884475;B
20240226;100321;1599.4;42;9696884476;B
20240226;100321;1599.4;21;9696884477;B
20240226;100321;1598.2;1;9696884496;S
20240226;100322;1599.2;100;9696885041;B
20240226;100325;1599;10;9696886013;B
20240226;100325;1599.4;2;9696886014;B
20240226;100325;1599.4;2;9696886015;B
20240226;100325;1599.4;32;9696886059;B
20240226;100326;1599.4;71;9696886458;B
20240226;100326;1599.8;1;9696886522;B
20240226;100327;1599.8;1;9696886725;B
20240226;100327;1599.8;12;9696886726;B
20240226;100327;1599.8;16;9696886727;B
20240226;100328;1599.8;40;9696887196;B
20240226;100328;1599.8;60;9696887209;B
20240226;100328;1599.8;20;9696887210;B
20240226;100329;1598.8;5;9696887350;S
20240226;100329;1598.8;1;9696887422;S
20240226;100329;1599.8;3;9696887450;B
20240226;100333;1599.6;5;9696888432;B
20240226;100333;1599.8;55;9696888433;B
20240226;100335;1599;1;9696889240;S
20240226;100336;1599.4;1;9696889517;B
20240226;100336;1599.4;4;9696889518;B
20240226;100337;1599.6;1;9696889922;B
20240226;100338;1599.6;9;9696890241;B
20240226;100338;1599.6;36;9696890280;B
20240226;100340;1599.6;4;9696890876;B
20240226;100342;1598.8;2;9696891414;S
20240226;100344;1599.6;1;9696891877;B
20240226;100344;1599.8;69;9696891878;B
20240226;100344;1599.6;72;9696892038;B
20240226;100344;1599.8;118;9696892039;B
20240226;100344;1599.8;80;9696892040;B
20240226;100344;1599.8;2;9696892041;B
20240226;100345;1599.8;8;9696892046;B
20240226;100346;1600;20;9696892295;B
20240226;100346;1599;35;9696892338;S
20240226;100346;1599;155;9696892420;S
20240226;100346;1599;60;9696892421;S
20240226;100346;1599;1;9696892468;B
20240226;100347;1598.6;5;9696892649;S
20240226;100347;1598.4;120;9696892650;S
20240226;100347;1598.4;60;9696892651;S
20240226;100347;1598.2;1;9696892652;S
20240226;100347;1598.2;14;9696892653;S
20240226;100347;1598.2;91;9696892668;S
20240226;100347;1598;40;9696892669;S
20240226;100347;1598;40;9696892670;S
20240226;100347;1599;168;9696892681;B
20240226;100347;1599.4;87;9696892682;B
20240226;100347;1599.4;60;9696892683;B
20240226;100347;1599.6;10;9696892684;B
20240226;100348;1599.6;300;9696892868;S
20240226;100348;1599.6;1;9696893032;S
20240226;100349;1599.6;100;9696893133;S
20240226;100349;1599.8;20;9696893238;B
20240226;100350;1599.6;100;9696893318;S
20240226;100350;1599.6;40;9696893344;S
20240226;100350;1599.8;1;9696893347;B
20240226;100350;1599.6;10;9696893417;S
20240226;100350;1599.6;2;9696893449;S
20240226;100351;1599.6;10;9696893665;S
20240226;100351;1599.6;1;9696893747;S
20240226;100352;1599.8;7;9696893769;B
20240226;100352;1599.6;111;9696893809;S
20240226;100352;1599;1;9696893941;S
20240226;100352;1598.4;7;9696893942;S
20240226;100353;1598.6;1;9696894131;S
20240226;100353;1598.4;46;9696894132;S
20240226;100353;1598.4;53;9696894133;S
20240226;100354;1598;15;9696894417;S
20240226;100354;1599;20;9696894540;B
20240226;100355;1599;10;9696894689;B
20240226;100356;1599;3;9696894982;B
20240226;100356;1599;1;9696895021;B
20240226;100357;1598;1;9696895317;S
20240226;100357;1599;3;9696895318;B
20240226;100358;1599;4;9696895457;B
20240226;100359;1599;10;9696895796;B
20240226;100400;1598.8;1;9696895896;S
20240226;100400;1598.6;1;9696895935;B
20240226;100400;1598.6;23;9696895945;B
20240226;100400;1598.6;45;9696895958;S
20240226;100400;1598.6;1;9696895964;S
20240226;100400;1598.6;2;9696896026;S
20240226;100401;1598.6;2;9696896124;S
20240226;100401;1599;100;9696896255;B
20240226;100401;1599;39;9696896256;B
20240226;100401;1599;60;9696896257;B
20240226;100401;1599;1;9696896258;B
20240226;100401;1599;1;9696896326;B
20240226;100401;1599;10;9696896327;B
20240226;100401;1599;17;9696896328;B
20240226;100401;1599.2;11;9696896329;B
20240226;100402;1599.4;2;9696896562;B
20240226;100403;1599.4;4;9696896882;B
20240226;100406;1599.4;1;9696897574;B
20240226;100406;1599.4;1;9696897685;B
20240226;100407;1599.2;1;9696897862;S
20240226;100409;1599.4;1;9696898494;B
20240226;100410;1599.6;5;9696898820;B
20240226;100416;1599.4;1;9696900470;B
20240226;100417;1598.8;10;9696900806;S
20240226;100417;1598.6;6;9696900807;S
20240226;100417;1598.6;21;9696900862;S
20240226;100417;1598.4;26;9696900863;S
20240226;100417;1598.4;2;9696900864;S
20240226;100417;1598.2;21;9696900865;S
20240226;100418;1598.6;29;9696901054;S
20240226;100422;1598.6;2;9696902224;S
20240226;100423;1599;10;9696902652;B
20240226;100423;1599;1;9696902653;B
20240226;100423;1599;9;9696902654;B
20240226;100423;1598.6;1;9696902756;S
20240226;100423;1598.2;4;9696902757;S
20240226;100424;1599.2;1;9696902858;B
20240226;100424;1599.2;3;9696902875;B
20240226;100427;1598.6;1;9696904307;B
20240226;100428;1598.6;1;9696904537;B
20240226;100429;1598.6;30;9696904709;B
20240226;100429;1598.6;10;9696904791;B
20240226;100431;1598.6;2;9696905350;B
20240226;100433;1598.6;53;9696906061;B
20240226;100433;1598.6;47;9696906080;S
20240226;100433;1598.4;5;9696906081;B
20240226;100433;1598.4;1;9696906092;B
20240226;100435;1598.4;1;9696906589;B
20240226;100435;1598.4;30;9696906803;B
20240226;100436;1598.4;2;9696906849;B
20240226;100437;1598;144;9696907195;S
20240226;100437;1598;2;9696907196;S
20240226;100437;1598;18;9696907197;S
20240226;100437;1598;1;9696907198;S
20240226;100437;1597.6;187;9696907199;S
20240226;100437;1597.6;15;9696907200;B
20240226;100437;1597.6;12;9696907201;B
20240226;100437;1597.6;1;9696907392;B
20240226;100438;1597.6;1;9696907505;B
20240226;100439;1597.6;4;9696907999;B
20240226;100439;1597.2;1;9696908048;S
20240226;100439;1597.2;1;9696908049;S
20240226;100443;1597.6;1;9696909260;B
20240226;100443;1597.6;95;9696909429;B
20240226;100445;1597.2;1;9696909940;S
20240226;100447;1597.2;4;9696910591;S
20240226;100447;1597.6;50;9696910720;B
20240226;100448;1597.6;3;9696910844;B
20240226;100448;1597.6;466;9696911003;B
20240226;100448;1598;10;9696911004;B
20240226;100448;1598;3;9696911005;B
20240226;100448;1598;51;9696911006;B
20240226;100450;1598.4;4;9696911532;B
20240226;100450;1598.4;2;9696911534;B
20240226;100450;1598.4;1;9696911580;B
20240226;100450;1597.6;13;9696911627;S
20240226;100450;1597.4;7;9696911628;S
20240226;100451;1598;2;9696911878;S
20240226;100451;1597.4;57;9696911879;S
20240226;100451;1597.4;1;9696911880;S
20240226;100452;1597.6;1;9696911968;B
20240226;100452;1597.2;3;9696912153;S
20240226;100454;1597.6;10;9696912642;B
20240226;100457;1597.6;14;9696913295;B
20240226;100458;1597.4;3;9696913547;S
20240226;100458;1597.2;190;9696913548;S
20240226;100458;1597.2;1;9696913549;S
20240226;100458;1597.2;56;9696913603;B
20240226;100458;1597.4;1;9696913604;B
20240226;100458;1597.8;1;9696913695;B
20240226;100459;1597.8;1;9696913930;B
20240226;100459;1597.8;1;9696913986;B
20240226;100500;1597.4;1;9696914116;B
20240226;100500;1597.2;11;9696914249;S
20240226;100501;1597.4;1;9696914525;B
20240226;100503;1597.2;14;9696914991;S
20240226;100503;1597.2;1;9696914992;S
20240226;100503;1597.2;5;9696914993;S
20240226;100503;1597.4;2;9696915349;B
20240226;100507;1597.2;1;9696916411;S
20240226;100507;1597.2;17;9696916412;S
20240226;100507;1597;1;9696916413;S
20240226;100507;1597;7;9696916414;S
20240226;100507;1597;64;9696916415;S
20240226;100507;1597;60;9696916416;S
20240226;100507;1597;9;9696916417;S
20240226;100507;1597;2;9696916423;B
20240226;100507;1597;1;9696916461;B
20240226;100508;1597;1;9696916629;B
20240226;100508;1597;3;9696916648;B
20240226;100510;1597;1;9696916954;B
20240226;100511;1597;1;9696917241;B
20240226;100511;1596.8;3;9696917263;S
20240226;100513;1597;46;9696917867;B
20240226;100513;1596.8;200;9696917933;S
20240226;100513;1597;46;9696917962;B
20240226;100513;1597;46;9696918043;B
20240226;100514;1596.8;16;9696918132;S
20240226;100515;1597;4;9696918489;B
20240226;100515;1597;20;9696918494;B
20240226;100515;1597;30;9696918619;B
20240226;100515;1597;2;9696918709;B
20240226;100516;1597;1;9696918749;B
20240226;100516;1597;4;9696918764;B
20240226;100516;1596.8;2;9696918780;S
20240226;100516;1597;3;9696918783;B
20240226;100516;1596.8;22;9696918904;S
20240226;100516;1597;1;9696918978;B
20240226;100517;1597;1;9696919061;B
20240226;100517;1596.8;1;9696919108;S
20240226;100517;1596.8;1;9696919223;S
20240226;100517;1596.8;2;9696919240;S
20240226;100518;1597;3;9696919400;B
20240226;100518;1596.8;15;9696919589;S
20240226;100520;1597;19;9696920795;B
20240226;100521;1596.8;517;9696921014;S
20240226;100521;1597;70;9696921023;B
20240226;100521;1597;2;9696921059;B
20240226;100523;1597;10;9696921405;B
20240226;100523;1597;1;9696921600;B
20240226;100524;1597;1;9696922011;B
20240226;100525;1597;5;9696922036;B
20240226;100525;1596.8;10;9696922350;S
20240226;100527;1596.8;1000;9696922734;S
20240226;100528;1597;30;9696922961;B
20240226;100528;1596.8;7;9696923095;S
20240226;100528;1596.8;2;9696923096;S
20240226;100528;1596.8;50;9696923097;S
20240226;100528;1596.8;10;9696923098;S
20240226;100528;1596.6;2;9696923099;S
20240226;100528;1596.4;2;9696923100;S
20240226;100529;1596.6;24;9696923316;B
20240226;100529;1596.6;6;9696923317;B
20240226;100530;1596.4;4;9696923466;B
20240226;100530;1596.4;1;9696923516;B
20240226;100530;1596.2;1;9696923780;S
20240226;100530;1596.2;2;9696923781;S
20240226;100530;1596.2;46;9696923782;S
20240226;100530;1596;1;9696923783;S
20240226;100530;1596;6;9696923784;S
20240226;100531;1596.2;17;9696923845;B
20240226;100533;1596.2;1;9696924477;B
20240226;100533;1596;24;9696924544;S
20240226;100533;1596;200;9696924545;S
20240226;100533;1596;3;9696924546;S
20240226;100533;1595.8;23;9696924547;S
20240226;100533;1595.6;30;9696924548;S
20240226;100533;1595.2;3;9696924549;S
20240226;100533;1595.2;151;9696924550;S
20240226;100533;1595.2;60;9696924551;S
20240226;100533;1595.2;6;9696924552;S
20240226;100534;1596.2;60;9696924686;B
20240226;100534;1596.2;40;9696924687;B
20240226;100535;1596.2;23;9696924937;B
20240226;100536;1596.4;2;9696925216;B
20240226;100536;1596.4;60;9696925217;B
20240226;100536;1596.4;15;9696925218;B
20240226;100536;1596.4;1;9696925285;B
20240226;100536;1595.4;23;9696925312;S
20240226;100536;1595.2;47;9696925313;S
20240226;100537;1596.4;2;9696925613;B
20240226;100539;1596.4;1;9696926222;B
20240226;100540;1596.4;4;9696926652;B
20240226;100542;1595.4;7;9696927026;S
20240226;100542;1595.2;15;9696927027;S
20240226;100542;1596.4;1;9696927115;B
20240226;100542;1595.2;144;9696927130;S
20240226;100542;1595.2;56;9696927131;S
20240226;100545;1595.2;10;9696927990;S
20240226;100546;1596.2;46;9696928371;B
20240226;100549;1596.2;150;9696929186;B
20240226;100549;1595.4;5;9696929238;S
20240226;100550;1596.4;2;9696929455;B
20240226;100553;1596;1;9696930486;B
20240226;100555;1596;1;9696931113;B
20240226;100555;1596;1;9696931115;B
20240226;100558;1596;47;9696931546;B
20240226;100558;1596;13;9696931547;B
20240226;100600;1596;2;9696932517;B
20240226;100601;1596;32;9696932876;B
20240226;100601;1596;28;9696932877;B
20240226;100602;1596;1;9696933115;B
20240226;100602;1595.4;1;9696933245;S
20240226;100603;1595.4;1;9696933328;S
20240226;100603;1595.4;4;9696933342;S
20240226;100603;1595.4;1;9696933343;S
20240226;100603;1595.4;3;9696933396;S
20240226;100603;1595.2;1;9696933397;S
20240226;100603;1595.2;5;9696933398;S
20240226;100603;1595.2;11;9696933399;S
20240226;100603;1596;1;9696933491;B
20240226;100604;1596;30;9696933727;B
20240226;100606;1596;10;9696934285;B
20240226;100608;1596;3;9696934789;B
20240226;100609;1596;2;9696934820;B
20240226;100610;1595.8;48;9696935153;S
20240226;100611;1596;24;9696935446;B
20240226;100611;1596;10;9696935447;B
20240226;100611;1596.2;2;9696935448;B
20240226;100611;1596.2;1;9696935449;B
20240226;100611;1596.2;30;9696935450;B
20240226;100611;1596.4;115;9696935451;B
20240226;100611;1596.4;60;9696935452;B
20240226;100611;1596.4;8;9696935453;B
20240226;100611;1596.6;27;9696935454;B
20240226;100611;1596.6;1;9696935508;B
20240226;100615;1596.6;153;9696936309;S
20240226;100615;1596.6;18;9696936310;S
20240226;100615;1596.6;1;9696936311;S
20240226;100616;1596.6;4;9696936611;S
20240226;100617;1596.6;1;9696936984;S
20240226;100619;1596.6;1;9696937479;S
20240226;100619;1596.6;30;9696937522;S
20240226;100619;1595.6;15;9696937523;S
20240226;100620;1596;2;9696937786;B
20240226;100621;1596.8;98;9696937928;B
20240226;100621;1596;15;9696938229;S
20240226;100621;1596;100;9696938230;S
20240226;100621;1595.8;46;9696938231;S
20240226;100621;1595.6;55;9696938232;S
20240226;100625;1596.6;15;9696938874;B
20240226;100625;1596.6;40;9696938878;B
20240226;100625;1596.8;10;9696938879;B
20240226;100626;1596;5;9696939441;S
20240226;100628;1596.8;2;9696939906;B
20240226;100628;1596;3;9696939969;S
20240226;100628;1596;1;9696939970;B
20240226;100629;1596.8;99;9696940014;B
20240226;100630;1596.8;2;9696940418;B
20240226;100633;1596.8;1;9696941381;B
20240226;100634;1596.6;5;9696941923;S
20240226;100635;1596.8;2;9696942259;B
20240226;100636;1596.8;82;9696942405;B
20240226;100636;1596.8;2;9696942493;B
20240226;100637;1596.8;46;9696942769;B
20240226;100637;1596;4;9696942876;S
20240226;100637;1595.8;23;9696942877;S
20240226;100637;1595.6;2;9696942878;S
20240226;100637;1596.6;1;9696942915;B
20240226;100639;1596.4;1;9696943389;S
20240226;100645;1596.6;1;9696945029;B
20240226;100646;1596.6;3;9696945402;B
20240226;100646;1596.8;46;9696945403;B
20240226;100646;1596.8;41;9696945452;B
20240226;100646;1596.8;5;9696945453;B
20240226;100646;1596.6;1;9696945475;S
20240226;100647;1596.8;5;9696945503;B
20240226;100647;1596.8;91;9696945504;B
20240226;100648;1596.6;25;9696945877;S
20240226;100650;1597;8;9696946356;B
20240226;100650;1597;6;9696946553;B
20240226;100651;1596.6;64;9696946727;S
20240226;100651;1596.6;5;9696946751;S
20240226;100652;1596.6;96;9696946909;S
20240226;100652;1596.6;64;9696946910;S
20240226;100652;1596.4;46;9696946911;S
20240226;100652;1596.4;115;9696946912;S
20240226;100652;1597;5;9696946942;B
20240226;100653;1596.8;1;9696947272;B
20240226;100653;1596.8;30;9696947290;B
20240226;100654;1596.8;2;9696947447;B
20240226;100654;1596.8;1;9696947454;B
20240226;100655;1596.8;153;9696947563;B
20240226;100655;1596.8;58;9696947564;B
20240226;100655;1596.4;20;9696947640;S
20240226;100655;1596.4;1;9696947695;S
20240226;100655;1596.8;3;9696947734;B
20240226;100656;1597;3;9696947806;B
20240226;100656;1596.4;4;9696947839;S
20240226;100656;1596.4;14;9696947990;S
20240226;100656;1596.8;2;9696948068;B
20240226;100657;1596.4;16;9696948228;S
20240226;100657;1596.4;1;9696948453;S
20240226;100659;1596.8;3;9696948835;B
20240226;100700;1596.8;1;9696948937;B
20240226;100700;1596.4;1;9696948960;S
20240226;100701;1596.4;128;9696949291;S
20240226;100701;1596.6;1;9696949399;B
20240226;100703;1596.8;7;9696950302;B
20240226;100704;1596.4;50;9696950438;B
20240226;100704;1596.4;23;9696950439;B
20240226;100704;1596.6;27;9696950440;B
20240226;100704;1596.8;1;9696950616;B
20240226;100704;1596.8;1;9696950622;B
20240226;100704;1596.8;26;9696950654;B
20240226;100705;1596.8;146;9696950772;B
20240226;100705;1597;659;9696950773;B
20240226;100706;1596.8;3;9696951053;B
20240226;100706;1596.8;1;9696951162;B
20240226;100706;1596;1;9696951179;S
20240226;100706;1596;1;9696951180;S
20240226;100706;1596;19;9696951181;S
20240226;100708;1595.8;1;9696951537;S
20240226;100708;1595.8;3;9696951603;S
20240226;100709;1596;20;9696951822;B
20240226;100709;1596;1;9696951837;B
20240226;100709;1596;2;9696951871;B
20240226;100710;1596;1;9696952083;B
20240226;100710;1596;20;9696952251;B
20240226;100711;1596;1;9696952328;B
20240226;100713;1596;1;9696952904;B
20240226;100717;1596;1;9696954042;B
20240226;100718;1596;7;9696954227;B
20240226;100722;1595.8;21;9696955157;S
20240226;100722;1595.8;1;9696955158;S
20240226;100722;1595.6;64;9696955159;S
20240226;100722;1595.6;190;9696955160;S
20240226;100722;1595.6;124;9696955161;S
20240226;100722;1596;5;9696955261;B
20240226;100723;1596;17;9696955315;B
20240226;100724;1596;1;9696955533;B
20240226;100726;1596;102;9696955932;B
20240226;100726;1596;5;9696955933;B
20240226;100726;1596;22;9696955934;B
20240226;100726;1596;1;9696955935;B
20240226;100726;1596.2;30;9696955936;B
20240226;100728;1596.8;1;9696956389;B
20240226;100728;1596.8;45;9696956390;B
20240226;100728;1596.8;5;9696956486;B
20240226;100728;1596.8;10;9696956487;B
20240226;100728;1596.8;31;9696956488;B
20240226;100728;1596.8;50;9696956510;B
20240226;100735;1596.8;63;9696957793;B
20240226;100736;1596;5;9696958045;S
20240226;100736;1596;1;9696958112;S
20240226;100737;1596.8;1;9696958149;B
20240226;100737;1596;9;9696958185;S
20240226;100737;1596;7;9696958186;S
20240226;100737;1596.8;10;9696958225;B
20240226;100738;1596.8;1;9696958314;B
20240226;100738;1596.8;1;9696958354;B
20240226;100738;1596.8;9;9696958520;B
20240226;100739;1596.8;9;9696958716;B
20240226;100741;1596.8;12;9696959177;B
20240226;100741;1596.8;3;9696959178;B
20240226;100741;1597;23;9696959179;B
20240226;100742;1597;22;9696959313;B
20240226;100743;1597;6;9696959546;B
20240226;100744;1597;1;9696959752;B
20240226;100744;1597;1;9696959933;B
20240226;100745;1597;1;9696960215;B
20240226;100746;1597;50;9696960780;B
20240226;100746;1597;1;9696960797;B
20240226;100748;1596.8;1;9696961117;S
20240226;100748;1596.8;1;9696961118;S
20240226;100748;1596.8;1;9696961280;S
20240226;100748;1596.8;8;9696961303;S
20240226;100748;1596.8;2;9696961304;S
20240226;100749;1596.8;2;9696961554;S
20240226;100750;1597;2;9696961931;B
20240226;100752;1597;91;9696962427;B
20240226;100752;1597;200;9696962434;B
20240226;100752;1597;40;9696962436;B
20240226;100752;1597;2;9696962583;B
20240226;100753;1597;1;9696962672;B
20240226;100753;1596.8;1;9696962778;S
20240226;100753;1597;46;9696962991;B
20240226;100753;1597;5;9696963041;B
20240226;100753;1597;4;9696963074;B
20240226;100754;1596.8;4;9696963141;S
20240226;100754;1597;2;9696963295;B
20240226;100754;1597;20;9696963304;B
20240226;100754;1597;46;9696963416;B
20240226;100755;1596.8;22;9696963691;S
20240226;100756;1596.8;9;9696963762;B
20240226;100756;1597;37;9696963763;B
20240226;100756;1597;46;9696963817;B
20240226;100756;1597;59;9696963818;B
20240226;100756;1597;50;9696963819;B
20240226;100756;1597;9;9696963820;B
20240226;100756;1597;9;9696963860;B
20240226;100757;1597;4;9696964003;B
20240226;100757;1596.8;2;9696964093;B
20240226;100757;1597;8;9696964094;B
20240226;100758;1597;18;9696964298;B
20240226;100759;1597;4;9696964549;B
20240226;100803;1597;1;9696965435;B
20240226;100806;1597;6;9696966254;B
20240226;100807;1596.6;4;9696966487;S
20240226;100807;1596.6;10;9696966488;S
20240226;100809;1596.8;9;9696966739;B
20240226;100809;1596.4;46;9696966955;S
20240226;100809;1596.4;5;9696966956;S
20240226;100813;1596.8;5;9696967636;B
20240226;100813;1596.6;5;9696967738;S
20240226;100813;1596.6;6;9696967739;S
20240226;100815;1596.2;7;9696968072;S
20240226;100816;1596.2;1;9696968407;S
20240226;100817;1596.2;5;9696968590;S
20240226;100821;1596.4;3;9696969590;S
20240226;100824;1596.2;1;9696970314;S
20240226;100824;1596.2;63;9696970320;S
20240226;100824;1596.2;190;9696970321;S
20240226;100824;1596;16;9696970322;S
20240226;100824;1596;2;9696970323;S
20240226;100824;1596;10;9696970324;S
20240226;100824;1596;19;9696970325;S
20240226;100828;1596.2;2;9696971022;B
20240226;100832;1596;9;9696971847;S
20240226;100833;1596;2;9696972201;S
20240226;100834;1596.2;1;9696972536;B
20240226;100836;1596.2;1;9696972733;B
20240226;100840;1596.6;1;9696973594;B
20240226;100840;1596.6;1;9696973595;B
20240226;100840;1596.6;1;9696973596;B
20240226;100840;1596.6;6;9696973597;B
20240226;100840;1596.6;1;9696973598;B
20240226;100840;1596.6;1;9696973601;B
20240226;100840;1596.6;1;9696973602;B
20240226;100840;1596.8;20;9696973603;B
20240226;100840;1596.8;1;9696973604;B
20240226;100840;1596.8;1;9696973605;B
20240226;100840;1596.8;1;9696973606;B
20240226;100840;1596.8;115;9696973607;B
20240226;100840;1596.8;23;9696973608;B
20240226;100840;1597;41;9696973609;B
20240226;100840;1597;7;9696973610;B
20240226;100840;1597;4;9696973611;B
20240226;100840;1597;4;9696973612;B
20240226;100840;1597;200;9696973613;B
20240226;100840;1597;276;9696973614;B
20240226;100840;1597;15;9696973615;B
20240226;100840;1597;1;9696973616;B
20240226;100840;1597;1;9696973617;B
20240226;100840;1597;2;9696973618;B
20240226;100840;1597;10;9696973619;B
20240226;100840;1597.2;10;9696973620;B
20240226;100840;1597.4;187;9696973621;B
20240226;100840;1597.8;6;9696973622;B
20240226;100840;1598;30;9696973623;B
20240226;100840;1598;10;9696973624;B
20240226;100840;1598;6;9696973625;B
20240226;100840;1598;4;9696973626;B
20240226;100840;1598;253;9696973627;B
20240226;100840;1598.2;60;9696973628;B
20240226;100840;1598.4;236;9696973629;B
20240226;100840;1598;50;9696973630;B
20240226;100842;1598;4;9696973911;B
20240226;100842;1598;27;9696973941;B
20240226;100842;1598;6;9696973942;B
20240226;100842;1598.2;155;9696973943;B
20240226;100843;1598.2;1;9696974114;B
20240226;100845;1597;72;9696974400;S
20240226;100846;1597;50;9696974597;S
20240226;100846;1598;9;9696974688;B
20240226;100847;1597;4;9696974972;S
20240226;100848;1598;63;9696975071;B
20240226;100848;1598;23;9696975072;B
20240226;100848;1598.2;31;9696975073;B
20240226;100848;1598.2;83;9696975074;B
20240226;100848;1597.4;190;9696975176;S
20240226;100848;1597.4;10;9696975177;S
20240226;100850;1598.2;1;9696975525;B
20240226;100850;1597.4;15;9696975549;S
20240226;100850;1597.4;2;9696975639;S
20240226;100853;1597.2;190;9696976293;S
20240226;100853;1597.2;64;9696976294;S
20240226;100853;1597;1;9696976295;S
20240226;100853;1597;46;9696976296;S
20240226;100853;1597;228;9696976297;S
20240226;100853;1597;23;9696976298;S
20240226;100853;1596.8;119;9696976299;S
20240226;100853;1596.6;228;9696976300;S
20240226;100853;1596.6;60;9696976301;S
20240226;100853;1596.4;541;9696976302;S
20240226;100857;1596.2;1;9696977108;S
20240226;100859;1596.6;2;9696977325;B
20240226;100859;1596.8;8;9696977326;B
20240226;100902;1596.2;7;9696977863;S
20240226;100904;1597;15;9696978419;B
20240226;100905;1597;3;9696978506;B
20240226;100905;1597;8;9696978508;B
20240226;100906;1597;7;9696978692;B
20240226;100910;1597;1;9696979843;B
20240226;100911;1597;2;9696980234;B
20240226;100912;1597;24;9696980325;B
20240226;100912;1597;23;9696980326;B
20240226;100912;1597;113;9696980327;B
20240226;100912;1597.2;1;9696980328;B
20240226;100912;1597.2;107;9696980329;B
20240226;100912;1597.4;187;9696980330;B
20240226;100912;1598;171;9696980331;B
20240226;100912;1597;2;9696980445;B
20240226;100914;1597.2;48;9696980974;S
20240226;100917;1597.4;1;9696981493;B
20240226;100919;1597.4;100;9696981897;B
20240226;100919;1597.8;111;9696982033;B
20240226;100919;1597.8;34;9696982034;B
20240226;100919;1597.8;208;9696982035;B
20240226;100919;1598;20;9696982036;B
20240226;100919;1598;50;9696982037;B
20240226;100919;1598;155;9696982038;B
20240226;100920;1598.4;5;9696982063;B
20240226;100920;1598.4;1;9696982086;B
20240226;100921;1597;1;9696982445;S
20240226;100923;1597.4;1;9696982769;S
20240226;100923;1597.2;3;9696982770;S
20240226;100924;1597.4;3;9696982993;S
20240226;100925;1597.4;7;9696983217;S
20240226;100925;1597.2;6;9696983218;S
20240226;100927;1597.8;1;9696983560;B
20240226;100927;1597;15;9696983679;S
20240226;100928;1598;22;9696983758;B
20240226;100928;1598;1;9696983759;B
20240226;100928;1598;10;9696983760;B
20240226;100928;1598;4;9696983787;B
20240226;100929;1597;1;9696983925;S
20240226;100929;1597;3;9696983934;S
20240226;100929;1597;2;9696983935;S
20240226;100929;1597.8;30;9696983959;B
20240226;100931;1596.8;3;9696984587;S
20240226;100934;1597.2;10;9696985186;B
20240226;100935;1597.2;5;9696985376;B
20240226;100935;1597;1;9696985557;S
20240226;100936;1597;2;9696985627;S
20240226;100936;1596.8;12;9696985628;S
20240226;100936;1597.2;3;9696985669;B
20240226;100936;1597.2;2;9696985674;B
20240226;100940;1597.2;1;9696986336;B
20240226;100941;1597.2;2;9696986495;B
20240226;100941;1597;22;9696986521;S
20240226;100941;1597;217;9696986522;S
20240226;100941;1596.8;1;9696986523;S
20240226;100941;1596.6;190;9696986524;S
20240226;100941;1596.6;64;9696986525;S
20240226;100941;1596.4;188;9696986526;S
20240226;100941;1596.2;22;9696986527;S
20240226;100941;1596.2;60;9696986528;S
20240226;100941;1596.2;60;9696986529;S
20240226;100941;1596;5;9696986530;S
20240226;100941;1596;1;9696986531;S
20240226;100941;1596;1;9696986532;S
20240226;100941;1596;2;9696986533;S
20240226;100941;1596;187;9696986534;S
20240226;100941;1595.8;5;9696986535;S
20240226;100941;1595.8;1;9696986536;S
20240226;100941;1595.8;10;9696986537;S
20240226;100941;1595.6;10;9696986538;S
20240226;100941;1595.6;60;9696986539;S
20240226;100941;1595.6;1;9696986540;S
20240226;100941;1595.6;60;9696986541;S
20240226;100941;1595.4;2;9696986542;S
20240226;100941;1595.4;60;9696986543;S
20240226;100941;1595.4;50;9696986544;S
20240226;100941;1595.4;3;9696986545;S
20240226;100941;1595.4;1;9696986546;S
20240226;100941;1595.4;198;9696986547;S
20240226;100941;1595.2;10;9696986548;S
20240226;100941;1595.2;50;9696986549;S
20240226;100941;1595.2;100;9696986550;S
20240226;100941;1595.2;34;9696986551;S
20240226;100944;1596;25;9696987101;S
20240226;100944;1595.8;22;9696987139;S
20240226;100944;1595.6;1;9696987140;S
20240226;100945;1596;2;9696987440;S
20240226;100946;1596.4;5;9696987763;B
20240226;100947;1596.4;153;9696987946;B
20240226;100947;1596.4;84;9696987947;B
20240226;100947;1596.4;20;9696987974;B
20240226;100948;1596.4;8;9696988028;B
20240226;100949;1596.4;15;9696988222;B
20240226;100950;1596.4;18;9696988446;B
20240226;100950;1597;5;9696988474;B
20240226;100950;1597;2;9696988475;B
20240226;100953;1597;8;9696988924;B
20240226;100953;1597.2;2;9696988925;B
20240226;100954;1597.2;4;9696989101;B
20240226;100955;1596.6;46;9696989359;S
20240226;100955;1596.4;5;9696989360;S
20240226;100955;1596.4;49;9696989361;S
20240226;100957;1596.6;15;9696989732;S
20240226;100958;1597.2;1;9696989969;B
20240226;100958;1597.4;1;9696989970;B
20240226;100958;1597.4;1;9696990104;B
20240226;100958;1597.4;5;9696990105;B
20240226;101000;1597.6;3;9696990427;B
20240226;101000;1597.6;26;9696990485;B
20240226;101000;1597.6;31;9696990529;B
20240226;101000;1597.8;12;9696990530;B
20240226;101000;1597.8;43;9696990630;B
20240226;101002;1597.8;5;9696990922;B
20240226;101002;1597.8;1;9696990923;B
20240226;101002;1597.8;3;9696990968;B
20240226;101002;1597.8;2;9696991002;B
20240226;101002;1597.8;5;9696991003;B
20240226;101002;1597.8;5;9696991004;B
20240226;101002;1597.8;2;9696991005;B
20240226;101002;1597.8;6;9696991006;B
20240226;101002;1597.8;1;9696991007;B
20240226;101002;1597.8;2;9696991008;B
20240226;101002;1598;11;9696991009;B
20240226;101003;1598;3;9696991360;B
20240226;101003;1598;3;9696991461;B
20240226;101004;1597.2;20;9696991537;S
20240226;101004;1598;1;9696991641;B
20240226;101004;1598;1;9696991642;B
20240226;101004;1598;1;9696991643;B
20240226;101004;1598;4;9696991660;B
20240226;101004;1598;2;9696991661;B
20240226;101004;1598;40;9696991662;B
20240226;101004;1598;23;9696991726;B
20240226;101004;1598;46;9696991764;B
20240226;101006;1598;27;9696992159;B
20240226;101006;1598;3;9696992160;B
20240226;101006;1598;2;9696992301;B
20240226;101006;1598.2;4;9696992302;B
20240226;101006;1598.2;2;9696992337;B
20240226;101006;1598.2;3;9696992375;B
20240226;101008;1597.8;64;9696992917;S
20240226;101008;1597.8;60;9696992918;S
20240226;101008;1597.8;115;9696992919;S
20240226;101010;1598.2;219;9696993462;B
20240226;101010;1598.4;4;9696993463;B
20240226;101010;1598.4;1;9696993464;B
20240226;101010;1598.4;41;9696993465;B
20240226;101010;1598.2;30;9696993520;S
20240226;101010;1598.4;9;9696993535;B
20240226;101011;1598.6;1;9696993554;B
20240226;101011;1598.6;5;9696993555;B
20240226;101011;1598.6;3;9696993743;B
20240226;101012;1598.4;1;9696993821;S
20240226;101012;1598.6;3;9696993931;B
20240226;101012;1598.6;6;9696993970;B
20240226;101012;1598.6;6;9696994003;B
20240226;101012;1598.6;5;9696994044;B
20240226;101012;1598.6;3;9696994077;B
20240226;101012;1598.6;15;9696994129;B
20240226;101013;1598.6;2;9696994215;B
20240226;101013;1598.6;20;9696994323;B
20240226;101013;1598.4;40;9696994372;S
20240226;101014;1598.6;10;9696994404;B
20240226;101014;1598.6;2;9696994545;B
20240226;101015;1598.6;10;9696994622;B
20240226;101015;1598.6;3;9696994642;B
20240226;101016;1598.4;190;9696994797;S
20240226;101016;1598.4;64;9696994798;S
20240226;101016;1598.4;46;9696994799;S
20240226;101016;1598.2;150;9696994800;S
20240226;101016;1598.2;6;9696995107;S
20240226;101016;1598.2;6;9696995108;S
20240226;101016;1598;60;9696995109;S
20240226;101016;1598;1;9696995110;S
20240226;101016;1597.8;1;9696995111;S
20240226;101016;1597.6;94;9696995112;S
20240226;101016;1597.4;32;9696995113;S
20240226;101016;1598.4;11;9696995116;B
20240226;101017;1597.8;1;9696995315;S
20240226;101017;1598.4;15;9696995452;B
20240226;101018;1598.4;6;9696995636;B
20240226;101018;1598.4;19;9696995637;B
20240226;101018;1598.4;31;9696995694;B
20240226;101020;1598.4;2;9696996056;B
20240226;101021;1598.6;3;9696996120;B
20240226;101021;1598.6;9;9696996150;B
20240226;101021;1598.6;6;9696996177;B
20240226;101021;1598.6;8;9696996208;B
20240226;101021;1598.2;51;9696996274;S
20240226;101021;1598.2;149;9696996275;S
20240226;101022;1598.6;2;9696996410;B
20240226;101022;1598.6;1;9696996577;B
20240226;101023;1598.6;6;9696996808;B
20240226;101023;1598.6;3;9696996832;B
20240226;101023;1598.6;3;9696996858;B
20240226;101025;1598.2;1;9696997335;S
20240226;101026;1598.4;5;9696997439;B
20240226;101026;1598.4;24;9696997440;B
20240226;101026;1598.4;63;9696997441;B
20240226;101026;1598.4;8;9696997442;B
20240226;101028;1598.2;10;9696997888;S
20240226;101028;1598.2;140;9696997889;S
20240226;101028;1598.4;5;9696997986;B
20240226;101028;1598.4;7;9696997987;B
20240226;101030;1598.4;56;9696998380;B
20240226;101030;1598.4;24;9696998381;B
20240226;101030;1598.6;320;9696998382;B
20240226;101030;1598.6;10;9696998403;B
20240226;101032;1598.6;20;9696998672;B
20240226;101032;1598.2;1;9696998691;S
20240226;101032;1598.2;2;9696998845;S
20240226;101032;1598.2;14;9696998854;S
20240226;101032;1598.2;190;9696998855;S
20240226;101032;1598.2;30;9696998856;S
20240226;101032;1598;200;9696998857;S
20240226;101032;1598;50;9696998858;S
20240226;101033;1598;64;9696998905;B
20240226;101033;1598;1;9696998906;B
20240226;101034;1597.6;19;9696999037;S
20240226;101035;1598;6;9696999286;B
20240226;101036;1598;15;9696999497;B
20240226;101037;1598;2;9696999547;B
20240226;101037;1597.6;50;9696999717;S
20240226;101039;1598.2;13;9697000118;B
20240226;101039;1598.2;65;9697000137;B
20240226;101039;1598.2;1;9697000139;B
20240226;101040;1598.2;59;9697000308;B
20240226;101040;1598.2;21;9697000309;B
20240226;101040;1598.4;1;9697000403;B
20240226;101041;1598.2;3;9697000608;B
20240226;101041;1598.2;5;9697000609;B
20240226;101042;1598.2;2;9697000784;B
20240226;101043;1598.2;14;9697000863;B
20240226;101043;1598.2;6;9697000935;B
20240226;101045;1598.2;6;9697001212;B
20240226;101045;1598;2;9697001218;S
20240226;101045;1598;1;9697001219;S
20240226;101045;1598.2;6;9697001307;B
20240226;101046;1598.4;12;9697001616;B
20240226;101046;1598;15;9697001626;S
20240226;101046;1597.8;5;9697001627;S
20240226;101047;1598.4;5;9697001752;B
20240226;101049;1598.2;75;9697002151;B
20240226;101049;1598.2;25;9697002152;B
20240226;101050;1598;1;9697002430;S
20240226;101051;1598;3;9697002493;B
20240226;101051;1598;63;9697002544;B
20240226;101052;1598;1;9697002751;B
20240226;101053;1598;21;9697002890;B
20240226;101053;1597.8;3;9697002920;S
20240226;101057;1598;38;9697003443;B
20240226;101057;1598.2;24;9697003444;B
20240226;101057;1598.2;117;9697003445;B
20240226;101057;1598.4;13;9697003446;B
20240226;101057;1598.4;3;9697003505;B
20240226;101057;1598.4;95;9697003683;B
20240226;101057;1598.4;1;9697003684;B
20240226;101057;1598.6;11;9697003685;B
20240226;101100;1598.4;3;9697004133;B
20240226;101100;1598.4;3;9697004224;B
20240226;101101;1598;22;9697004339;S
20240226;101102;1598;1;9697004630;S
20240226;101102;1598.4;24;9697004699;B
20240226;101103;1598.6;6;9697004801;B
20240226;101103;1598.6;3;9697004913;B
20240226;101104;1598.6;57;9697005023;B
20240226;101104;1598.6;1;9697005244;B
20240226;101104;1598.6;6;9697005264;B
20240226;101105;1598.6;30;9697005561;B
20240226;101108;1598.4;2;9697006021;S
20240226;101108;1598.2;3;9697006022;S
20240226;101109;1598.2;10;9697006159;S
20240226;101109;1598.2;60;9697006160;S
20240226;101109;1598;30;9697006161;S
20240226;101109;1598.4;6;9697006217;B
20240226;101109;1598.6;7;9697006263;B
20240226;101109;1598.6;94;9697006326;B
20240226;101110;1598;100;9697006496;S
20240226;101113;1598.2;50;9697006900;B
20240226;101114;1598.2;1;9697007056;B
20240226;101116;1598.2;1;9697007458;B
20240226;101116;1598.2;18;9697007472;B
20240226;101117;1598.2;30;9697007517;B
20240226;101117;1598.2;2;9697007524;B
20240226;101117;1598.2;1;9697007590;B
20240226;101117;1598.2;5;9697007657;B
20240226;101117;1598.2;4;9697007680;B
20240226;101117;1598.2;5;9697007716;B
20240226;101118;1598.2;4;9697007832;B
20240226;101118;1598.2;5;9697007870;B
20240226;101118;1598.2;5;9697007909;B
20240226;101118;1598.2;30;9697008017;B
20240226;101118;1598.2;4;9697008102;B
20240226;101119;1598.2;5;9697008223;B
20240226;101119;1598.2;4;9697008272;B
20240226;101119;1598.2;5;9697008299;B
20240226;101119;1598.2;4;9697008353;B
20240226;101119;1598.2;5;9697008363;B
20240226;101119;1598.2;4;9697008420;B
20240226;101119;1598.2;5;9697008455;B
20240226;101119;1598.2;3;9697008504;B
20240226;101119;1598.4;1;9697008505;B
20240226;101119;1598.6;1;9697008506;B
20240226;101120;1598.6;4;9697008757;B
20240226;101123;1598.6;30;9697009553;B
20240226;101123;1598.6;30;9697009649;B
20240226;101125;1598.2;1;9697009878;S
20240226;101125;1598.6;22;9697009977;B
20240226;101125;1598.6;5;9697010030;B
20240226;101126;1598.6;10;9697010056;B
20240226;101126;1598.6;1;9697010208;B
20240226;101128;1598.6;17;9697010419;B
20240226;101128;1598.2;2;9697010516;S
20240226;101128;1598.6;1;9697010520;B
20240226;101129;1598.2;10;9697010623;S
20240226;101129;1598.2;60;9697010624;S
20240226;101129;1598.2;1;9697010625;S
20240226;101129;1598;37;9697010626;S
20240226;101129;1598;9;9697010627;S
20240226;101129;1598;46;9697010628;S
20240226;101129;1598;57;9697010629;S
20240226;101129;1598.6;32;9697010667;B
20240226;101130;1598.2;3;9697010830;S
20240226;101130;1598;14;9697010831;S
20240226;101132;1598.6;36;9697011276;B
20240226;101133;1598.6;1;9697011543;B
20240226;101133;1598.6;5;9697011561;B
20240226;101134;1598.6;1;9697011829;B
20240226;101136;1598.6;23;9697012219;B
20240226;101136;1598.6;9;9697012274;B
20240226;101137;1598.4;48;9697012431;B
20240226;101137;1598.6;15;9697012432;B
20240226;101137;1598.6;22;9697012545;B
20240226;101137;1598.6;1;9697012576;B
20240226;101138;1598.6;60;9697012710;B
20240226;101138;1598.6;50;9697012755;B
20240226;101138;1598.2;5;9697012768;S
20240226;101139;1598.4;11;9697012885;S
20240226;101139;1598.6;60;9697012893;B
20240226;101139;1598.6;180;9697012931;B
20240226;101140;1598.6;20;9697012962;B
20240226;101140;1598.6;8;9697013011;B
20240226;101140;1598.4;1;9697013066;S
20240226;101141;1598.6;6;9697013182;B
20240226;101142;1598.4;1;9697013370;S
20240226;101142;1598.2;1;9697013371;S
20240226;101142;1598.6;10;9697013520;B
20240226;101143;1598.6;160;9697013669;B
20240226;101145;1598.6;205;9697013973;B
20240226;101149;1598.4;2;9697014813;B
20240226;101149;1598.6;7;9697014828;B
20240226;101149;1598.6;2;9697014853;B
20240226;101149;1598.6;8;9697014857;B
20240226;101149;1598.6;1;9697014928;B
20240226;101150;1598.6;9;9697015020;B
20240226;101150;1598.6;18;9697015106;B
20240226;101150;1598.6;50;9697015198;B
20240226;101150;1598.6;39;9697015204;B
20240226;101150;1598.6;4;9697015347;B
20240226;101151;1598.6;1;9697015411;B
20240226;101151;1598.2;1;9697015420;S
20240226;101151;1598.6;26;9697015426;B
20240226;101151;1598.6;5;9697015597;B
20240226;101151;1598.6;5;9697015660;B
20240226;101151;1598.6;9;9697015665;B
20240226;101151;1598.6;4;9697015674;B
20240226;101152;1598.6;4;9697015763;B
20240226;101152;1598.6;5;9697015842;B
20240226;101152;1598.6;2;9697015897;B
20240226;101152;1598.6;52;9697015931;B
20240226;101152;1598.6;5;9697016141;B
20240226;101154;1598.6;3;9697016380;B
20240226;101156;1598.6;1;9697016793;B
20240226;101156;1598.6;182;9697016931;B
20240226;101156;1598.6;76;9697016932;B
20240226;101156;1598.6;1;9697016933;B
20240226;101156;1598.6;2;9697016934;B
20240226;101156;1598.6;12;9697016935;B
20240226;101156;1598.6;40;9697016936;B
20240226;101156;1598.6;21;9697016937;B
20240226;101158;1598.6;9;9697017266;B
20240226;101158;1598.6;14;9697017267;B
20240226;101159;1598.6;2;9697017701;B
20240226;101202;1598.6;5;9697018321;B
20240226;101202;1598.2;4;9697018360;S
20240226;101203;1598.6;25;9697018529;B
20240226;101206;1598.6;18;9697019331;B
20240226;101207;1598.6;1;9697019588;B
20240226;101207;1598.4;1;9697019624;S
20240226;101207;1598.4;29;9697019625;S
20240226;101207;1598.4;60;9697019626;S
20240226;101209;1598.4;1;9697019898;B
20240226;101210;1598.4;5;9697020059;B
20240226;101210;1598.4;1;9697020103;B
20240226;101211;1598.4;3;9697020216;B
20240226;101211;1598.6;17;9697020217;B
20240226;101212;1598.6;1;9697020317;B
20240226;101213;1598.2;2;9697020583;S
20240226;101214;1598.6;70;9697020746;B
20240226;101214;1598.6;7;9697020755;B
20240226;101215;1598.2;2;9697020930;S
20240226;101215;1598.6;10;9697020972;B
20240226;101215;1598.6;4;9697021016;B
20240226;101216;1598.6;84;9697021132;B
20240226;101216;1598.6;48;9697021178;B
20240226;101216;1598.6;95;9697021327;B
20240226;101217;1598.6;3;9697021449;B
20240226;101217;1598.6;135;9697021489;B
20240226;101217;1598.6;22;9697021634;B
20240226;101217;1598.6;26;9697021729;B
20240226;101218;1598.6;113;9697021828;B
20240226;101218;1598.6;1;9697021933;B
20240226;101218;1598.6;44;9697021963;B
20240226;101219;1598.4;2;9697022142;S
20240226;101219;1598.4;3;9697022148;S
20240226;101220;1598.4;8;9697022389;S
20240226;101221;1598.6;3;9697022462;B
20240226;101224;1598.4;1;9697023103;S
20240226;101224;1598.6;3;9697023144;B
20240226;101224;1598.6;43;9697023333;B
20240226;101226;1598.6;1;9697023595;B
20240226;101227;1598.6;2;9697023813;B
20240226;101228;1598.6;1;9697024014;B
20240226;101228;1598.6;1;9697024015;B
20240226;101228;1598.6;10;9697024035;B
20240226;101228;1598.6;19;9697024077;B
20240226;101229;1598.6;20;9697024150;B
20240226;101229;1598.6;1;9697024192;B
20240226;101231;1598.6;11;9697024762;B
20240226;101232;1598.4;1;9697024922;S
20240226;101233;1598.6;1;9697024965;B
20240226;101233;1598.6;6;9697024968;B
20240226;101233;1598.6;5;9697025209;B
20240226;101234;1598.4;13;9697025473;S
20240226;101234;1598.4;1;9697025474;S
20240226;101234;1598.4;16;9697025475;S
20240226;101234;1598.4;3;9697025476;S
20240226;101234;1598.2;17;9697025477;S
20240226;101234;1598.6;4;9697025596;B
20240226;101235;1598.6;3;9697025663;B
20240226;101236;1598.6;60;9697025900;B
20240226;101236;1598.6;7;9697025901;B
20240226;101236;1598.6;5;9697025902;B
20240226;101236;1598.6;2;9697025903;B
20240226;101237;1598.6;1;9697026203;B
20240226;101238;1598.6;3;9697026313;B
20240226;101239;1598.6;2;9697026414;B
20240226;101242;1598.6;2;9697026842;B
20240226;101242;1598.6;1;9697026935;B
20240226;101243;1598.6;4;9697027109;B
20240226;101243;1598.6;50;9697027110;B
20240226;101244;1598.4;4;9697027140;S
20240226;101244;1598.4;108;9697027141;S
20240226;101244;1598.2;158;9697027142;S
20240226;101244;1598.2;3;9697027143;S
20240226;101244;1598.2;1;9697027144;S
20240226;101244;1598.2;1;9697027145;S
20240226;101244;1598.2;11;9697027146;S
20240226;101244;1598.6;2;9697027149;B
20240226;101245;1598.6;6;9697027484;B
20240226;101245;1598.4;6;9697027505;S
20240226;101246;1598.6;2;9697027563;B
20240226;101247;1598.4;6;9697027806;S
20240226;101248;1598.6;99;9697028073;B
20240226;101251;1598.4;4;9697028408;S
20240226;101252;1598.6;2;9697028603;B
20240226;101253;1598.4;2;9697029031;S
20240226;101254;1598.6;2;9697029136;B
20240226;101255;1598.6;37;9697029246;B
20240226;101255;1598.6;1;9697029247;B
20240226;101255;1598.6;3;9697029248;B
20240226;101255;1598.6;123;9697029249;B
20240226;101255;1598.6;7;9697029250;B
20240226;101255;1598.6;11;9697029251;B
20240226;101255;1598.6;1;9697029331;B
20240226;101256;1598.6;1;9697029627;B
20240226;101257;1598.6;1;9697029730;B
20240226;101257;1598.4;9;9697029803;S
20240226;101257;1598.4;1;9697029804;S
20240226;101258;1598.6;5;9697029840;B
20240226;101258;1598.6;1;9697029966;B
20240226;101259;1598.4;5;9697030158;S
20240226;101300;1598.6;1;9697030206;B
20240226;101300;1598.4;3;9697030319;S
20240226;101301;1598.6;6;9697030372;B
20240226;101301;1598.4;10;9697030389;S
20240226;101301;1598.6;3;9697030427;B
20240226;101301;1598.6;1;9697030428;B
20240226;101301;1598.6;1;9697030429;B
20240226;101301;1598.6;32;9697030430;B
20240226;101301;1598.6;10;9697030431;B
20240226;101301;1598.8;3;9697030432;B
20240226;101301;1598.6;137;9697030433;S
20240226;101301;1598.6;53;9697030436;S
20240226;101301;1598.6;60;9697030437;S
20240226;101301;1598.6;24;9697030438;S
20240226;101302;1598.6;4;9697030643;B
20240226;101306;1598.6;50;9697031280;S
20240226;101308;1598.8;7;9697031816;B
20240226;101308;1598.8;15;9697031817;B
20240226;101309;1598.8;1;9697031896;B
20240226;101309;1598.6;1;9697031995;S
20240226;101309;1598.8;1;9697032103;B
20240226;101310;1598.8;4;9697032177;B
20240226;101310;1598.8;1;9697032227;B
20240226;101310;1598.6;5;9697032246;S
20240226;101311;1598.8;3;9697032320;B
20240226;101311;1598.8;100;9697032337;B
20240226;101311;1598.6;2;9697032465;S
20240226;101312;1598.8;3;9697032650;B
20240226;101312;1598.8;68;9697032651;B
20240226;101312;1598.8;1;9697032665;B
20240226;101313;1598.8;13;9697032776;B
20240226;101313;1598.6;1;9697032861;S
20240226;101315;1598.8;6;9697033090;B
20240226;101316;1598.8;12;9697033309;B
20240226;101316;1598.8;19;9697033310;B
20240226;101316;1598.6;6;9697033347;S
20240226;101317;1598.8;1;9697033390;B
20240226;101319;1598.8;10;9697033709;B
20240226;101319;1598.8;1;9697033804;B
20240226;101320;1598.6;20;9697033827;S
20240226;101320;1598.8;12;9697033849;B
20240226;101320;1598.8;6;9697033933;B
20240226;101321;1598.8;130;9697034032;B
20240226;101321;1598.6;18;9697034105;S
20240226;101321;1598.8;1;9697034111;B
20240226;101323;1598.8;3;9697034350;B
20240226;101323;1598.6;1;9697034358;S
20240226;101324;1598.8;8;9697034544;B
20240226;101325;1598.8;3;9697034651;B
20240226;101325;1598.8;256;9697034665;B
20240226;101325;1598.8;5;9697034666;B
20240226;101325;1598.8;2;9697034667;B
20240226;101325;1598.8;20;9697034668;B
20240226;101325;1598.8;64;9697034669;B
20240226;101325;1599;187;9697034670;B
20240226;101327;1599;1;9697035022;B
20240226;101328;1598.8;5;9697035285;S
20240226;101329;1598.8;1;9697035348;S
20240226;101330;1598.8;4;9697035566;S
20240226;101331;1599;1;9697035884;B
20240226;101333;1599;1;9697036579;B
20240226;101333;1599;13;9697036620;B
20240226;101333;1599;1;9697036659;B
20240226;101333;1599;9;9697036660;B
20240226;101334;1599;1;9697036690;B
20240226;101334;1599;23;9697036738;B
20240226;101334;1599;48;9697036805;B
20240226;101334;1599;1;9697036806;B
20240226;101334;1598.8;1;9697036849;S
20240226;101334;1599;30;9697036851;B
20240226;101335;1599;1;9697036914;B
20240226;101335;1599;1;9697036915;B
20240226;101335;1599;17;9697037000;B
20240226;101335;1599;9;9697037005;B
20240226;101337;1599;10;9697037332;B
20240226;101340;1599;100;9697037928;B
20240226;101342;1599;1;9697038149;B
20240226;101342;1599;3;9697038218;B
20240226;101344;1598.8;3;9697038433;S
20240226;101344;1598.8;9;9697038440;S
20240226;101344;1598.8;4;9697038441;S
20240226;101344;1598.8;3;9697038442;S
20240226;101344;1598.8;4;9697038443;S
20240226;101345;1599;9;9697038708;B
20240226;101345;1598.8;2;9697038711;S
20240226;101347;1599;2;9697039050;B
20240226;101348;1598.8;1;9697039321;S
20240226;101349;1599;2;9697039473;B
20240226;101350;1599;1;9697039554;B
20240226;101350;1599;2;9697039697;B
20240226;101350;1599;1;9697039705;B
20240226;101350;1598.8;1;9697039766;S
20240226;101352;1599;5;9697040009;B
20240226;101352;1598.8;3;9697040060;S
