<DATE>;<TIME>;<LAST>;<VOL>;<ID>;<OPER>
20240222;095945;1573;20;9691718352;B
20240222;095945;1573;1;9691718353;B
20240222;095945;1573;1;9691718354;S
20240222;095945;1573;3;9691718355;S
20240222;095945;1573;5;9691718356;S
20240222;095945;1573;2;9691718357;S
20240222;095945;1573;9;9691718358;S
20240222;095945;1573;2;9691718359;B
20240222;095945;1573;1;9691718360;S
20240222;095945;1573;60;9691718361;S
20240222;095945;1573;1;9691718362;B
20240222;095945;1573;1;9691718363;B
20240222;095945;1573;1;9691718364;B
20240222;095945;1573;6;9691718365;S
20240222;095945;1573;25;9691718366;S
20240222;095945;1573;25;9691718367;S
20240222;095945;1573;5;9691718368;S
20240222;095945;1573;1;9691718369;B
20240222;095945;1573;1;9691718370;B
20240222;095945;1573;1;9691718371;B
20240222;095945;1573;2;9691718372;S
20240222;095945;1573;1;9691718373;B
20240222;095945;1573;1;9691718374;B
20240222;095945;1573;10;9691718375;B
20240222;095945;1573;20;9691718376;S
20240222;095945;1573;1;9691718377;S
20240222;095945;1573;65;9691718378;S
20240222;095945;1573;1;9691718379;S
20240222;095945;1573;1;9691718380;B
20240222;095945;1573;1;9691718381;S
20240222;095945;1573;1;9691718382;S
20240222;095945;1573;1;9691718383;B
20240222;095945;1573;1;9691718384;B
20240222;095945;1573;3;9691718385;S
20240222;095945;1573;250;9691718386;S
20240222;095945;1573;76;9691718387;S
20240222;095945;1573;25;9691718388;S
20240222;095945;1573;1;9691718389;S
20240222;095945;1573;57;9691718390;B
20240222;095945;1573;35;9691718391;B
20240222;095945;1573;1;9691718392;B
20240222;095945;1573;1;9691718393;B
20240222;095945;1573;6;9691718394;B
20240222;095945;1573;1;9691718395;B
20240222;095945;1573;15;9691718396;B
20240222;095945;1573;25;9691718397;B
20240222;095945;1573;2;9691718398;S
20240222;095945;1573;33;9691718399;S
20240222;095945;1573;2;9691718400;S
20240222;095945;1573;1;9691718401;S
20240222;095945;1573;144;9691718402;S
20240222;095945;1573;1;9691718403;B
20240222;095945;1573;1;9691718404;B
20240222;095945;1573;204;9691718405;S
20240222;095945;1573;70;9691718406;S
20240222;095945;1573;23;9691718407;S
20240222;095945;1573;3;9691718408;S
20240222;095945;1573;3;9691718409;S
20240222;095945;1573;18;9691718410;S
20240222;095945;1573;1;9691718411;S
20240222;095945;1573;1;9691718412;S
20240222;095945;1573;1;9691718413;S
20240222;095945;1573;2;9691718414;S
20240222;100001;1570.6;100;9691722883;S
20240222;100001;1572.8;161;9691724285;B
20240222;100002;1572;4;9691725136;B
20240222;100002;1572;6;9691725137;B
20240222;100002;1570.8;40;9691725224;S
20240222;100002;1572;5;9691725226;B
20240222;100002;1572;1;9691725233;B
20240222;100003;1570.8;8;9691725309;S
20240222;100003;1572;9;9691725377;B
20240222;100003;1572;1;9691725425;B
20240222;100003;1573;2;9691725554;B
20240222;100003;1571;1;9691725582;B
20240222;100003;1570.8;2;9691725599;S
20240222;100003;1570.6;23;9691725600;S
20240222;100003;1572.8;7;9691725602;B
20240222;100003;1570.6;18;9691725772;S
20240222;100004;1572.8;1;9691726034;B
20240222;100004;1573;61;9691726037;B
20240222;100004;1573.8;25;9691726038;B
20240222;100004;1574;2;9691726039;B
20240222;100004;1574;1;9691726040;B
20240222;100004;1574;30;9691726041;B
20240222;100004;1574;20;9691726042;B
20240222;100004;1574.2;1;9691726043;B
20240222;100004;1574.6;60;9691726044;B
20240222;100004;1573.6;5;9691726454;B
20240222;100005;1573.4;7;9691726866;B
20240222;100005;1573.4;1;9691726868;B
20240222;100006;1573.4;1;9691727275;B
20240222;100006;1573.4;2;9691727538;B
20240222;100007;1573.4;6;9691728076;B
20240222;100007;1573.4;1;9691728078;B
20240222;100007;1571.4;2;9691728436;S
20240222;100007;1573.4;1;9691728546;B
20240222;100007;1571.4;4;9691728547;S
20240222;100007;1571;2;9691728548;S
20240222;100008;1573.4;1;9691728745;B
20240222;100008;1573.4;1;9691728748;B
20240222;100008;1573.8;192;9691728749;B
20240222;100008;1573.8;40;9691728750;B
20240222;100008;1574;84;9691728751;B
20240222;100008;1574.4;3;9691728752;B
20240222;100009;1572;1;9691729613;B
20240222;100009;1571;3;9691729699;S
20240222;100009;1574.2;100;9691729769;B
20240222;100009;1571;1;9691729958;S
20240222;100009;1572.2;1;9691729962;B
20240222;100009;1571;3;9691730128;S
20240222;100009;1571;1;9691730228;S
20240222;100009;1571;4;9691730229;S
20240222;100009;1574.4;2;9691730235;B
20240222;100009;1574.4;1;9691730583;B
20240222;100010;1573.4;1;9691730755;B
20240222;100010;1571;1;9691730756;S
20240222;100010;1574.6;1;9691730759;B
20240222;100010;1575;5;9691730878;B
20240222;100010;1575;2;9691730881;B
20240222;100010;1575;1;9691730882;B
20240222;100010;1575;1;9691730883;B
20240222;100010;1575;10;9691730884;B
20240222;100010;1575;9;9691730885;B
20240222;100010;1571.6;3;9691731055;S
20240222;100010;1575;2;9691731239;B
20240222;100010;1575;1;9691731240;B
20240222;100010;1575.2;1;9691731241;B
20240222;100010;1575.4;3;9691731242;B
20240222;100010;1571.8;6;9691731255;S
20240222;100010;1571.4;94;9691731256;B
20240222;100010;1571.4;3;9691731287;S
20240222;100010;1574.6;23;9691731319;B
20240222;100010;1575.4;3;9691731367;B
20240222;100011;1575.4;2;9691731418;B
20240222;100011;1573.4;10;9691731614;S
20240222;100011;1573;1;9691731615;S
20240222;100011;1571;115;9691731616;S
20240222;100011;1571;74;9691731617;B
20240222;100011;1575;6;9691731713;B
20240222;100013;1571.4;6;9691732235;S
20240222;100013;1571.2;8;9691732236;S
20240222;100015;1574.4;2;9691733030;B
20240222;100015;1574.6;1;9691733031;B
20240222;100015;1574.6;10;9691733032;B
20240222;100017;1574.2;45;9691733368;B
20240222;100017;1571;8;9691733539;S
20240222;100022;1574.8;2;9691734889;B
20240222;100022;1573;1;9691734970;B
20240222;100026;1572.8;20;9691735777;B
20240222;100027;1573.6;1;9691736052;B
20240222;100030;1573.2;1;9691736727;B
20240222;100031;1572.6;4;9691736958;B
20240222;100032;1572.6;10;9691737319;B
20240222;100032;1572.4;2;9691737359;B
20240222;100034;1572.4;21;9691737663;B
20240222;100034;1572.4;80;9691737664;B
20240222;100039;1571;1;9691739000;S
20240222;100039;1570.8;12;9691739001;S
20240222;100039;1570.8;6;9691739002;S
20240222;100039;1570.8;6;9691739003;S
20240222;100039;1570.8;57;9691739004;S
20240222;100039;1570.6;59;9691739005;S
20240222;100039;1570.6;6;9691739006;S
20240222;100039;1570.6;6;9691739007;S
20240222;100039;1570.6;6;9691739008;S
20240222;100039;1570.6;9;9691739009;S
20240222;100039;1570.6;7;9691739010;S
20240222;100041;1572.6;1;9691739364;B
20240222;100041;1571.2;10;9691739407;S
20240222;100041;1572.6;1;9691739451;B
20240222;100042;1572.6;8;9691739585;B
20240222;100042;1572.8;1;9691739586;B
20240222;100042;1572.8;4;9691739587;B
20240222;100042;1572.8;7;9691739588;B
20240222;100047;1573;3;9691740933;B
20240222;100047;1573.4;7;9691740934;B
20240222;100049;1571;100;9691741452;S
20240222;100050;1572.8;3;9691741654;B
20240222;100050;1571;1;9691741685;S
20240222;100053;1571.6;1;9691742178;S
20240222;100055;1572.8;1;9691742638;B
20240222;100057;1573.4;4;9691743187;B
20240222;100058;1572.2;1;9691743331;S
20240222;100058;1571.2;3;9691743332;S
20240222;100058;1571;4;9691743333;S
20240222;100101;1571.2;5;9691744153;B
20240222;100102;1571;1;9691744209;S
20240222;100102;1572.6;2;9691744307;B
20240222;100104;1572.6;2;9691744841;B
20240222;100105;1571.4;2;9691745009;S
20240222;100107;1571.2;1;9691745735;S
20240222;100112;1570.8;3;9691747106;S
20240222;100117;1572.6;7;9691748066;B
20240222;100119;1572.2;3;9691748639;B
20240222;100121;1571.8;4;9691749103;S
20240222;100121;1572.4;1;9691749148;B
20240222;100123;1572.2;1;9691749432;B
20240222;100124;1572.4;5;9691749656;B
20240222;100126;1571.6;2;9691750100;S
20240222;100127;1572.4;186;9691750214;B
20240222;100128;1572.4;3;9691750532;S
20240222;100128;1572.6;1;9691750533;B
20240222;100128;1572.6;2;9691750534;B
20240222;100128;1572.6;71;9691750535;B
20240222;100128;1572.6;923;9691750536;B
20240222;100128;1572.6;6;9691750539;B
20240222;100129;1572.6;3;9691750856;S
20240222;100130;1573.6;1;9691750892;B
20240222;100137;1572.6;20;9691752663;S
20240222;100140;1573.8;2;9691753290;B
20240222;100145;1574;10;9691754326;B
20240222;100145;1574;1;9691754327;B
20240222;100145;1574.2;1;9691754328;B
20240222;100145;1574.4;1;9691754329;B
20240222;100152;1574;1;9691755665;B
20240222;100155;1573.8;10;9691756484;B
20240222;100156;1573.8;5;9691756607;B
20240222;100159;1573.2;1;9691757447;S
20240222;100159;1572.6;209;9691757448;S
20240222;100159;1572.6;40;9691757449;S
20240222;100200;1574;10;9691757629;B
20240222;100200;1574.2;23;9691757630;B
20240222;100200;1574.4;18;9691757631;B
20240222;100200;1574.4;149;9691757632;B
20240222;100202;1574.2;1;9691758434;B
20240222;100204;1574.2;9;9691758813;B
20240222;100204;1573.4;2;9691758842;S
20240222;100204;1574;5;9691758982;B
20240222;100206;1573.8;1;9691759444;B
20240222;100207;1573.8;25;9691759473;B
20240222;100211;1573.8;10;9691760404;B
20240222;100213;1573.8;50;9691760916;B
20240222;100214;1573.8;46;9691761125;B
20240222;100214;1573.8;13;9691761189;B
20240222;100215;1573.6;2;9691761373;B
20240222;100215;1573.8;3;9691761374;B
20240222;100215;1573.6;1;9691761609;B
20240222;100215;1573.6;27;9691761666;B
20240222;100217;1573.6;21;9691762082;B
20240222;100217;1573.4;1;9691762102;S
20240222;100217;1573.6;137;9691762104;B
20240222;100218;1573.8;5;9691762216;B
20240222;100218;1573.8;4;9691762325;B
20240222;100218;1573.6;5;9691762455;S
20240222;100218;1573.6;12;9691762480;S
20240222;100218;1573.8;3;9691762488;B
20240222;100219;1573.8;4;9691762653;B
20240222;100220;1573.8;137;9691762932;B
20240222;100220;1573.8;331;9691762966;B
20240222;100220;1573.8;169;9691762967;B
20240222;100220;1574;3;9691763069;B
20240222;100220;1574;32;9691763072;B
20240222;100220;1574;105;9691763073;B
20240222;100220;1574;137;9691763075;B
20240222;100220;1574;137;9691763076;B
20240222;100221;1574;26;9691763172;B
20240222;100221;1574;100;9691763194;B
20240222;100221;1574;1;9691763206;B
20240222;100222;1574;2;9691763384;B
20240222;100222;1574;5;9691763475;B
20240222;100222;1574;1;9691763499;B
20240222;100223;1574;4;9691763639;B
20240222;100223;1574;240;9691763813;B
20240222;100223;1574;19;9691763868;B
20240222;100223;1574;45;9691763927;B
20240222;100225;1574;37;9691764442;B
20240222;100226;1574;12;9691764706;B
20240222;100226;1574;1;9691764710;B
20240222;100227;1574;1;9691764970;B
20240222;100228;1574;10;9691765169;B
20240222;100229;1574;1;9691765474;B
20240222;100230;1574;1;9691765603;B
20240222;100230;1574;1;9691765631;B
20240222;100230;1574;7;9691765687;B
20240222;100230;1573.8;3;9691765716;S
20240222;100231;1573.8;5;9691765752;S
20240222;100231;1574;6;9691765977;B
20240222;100232;1573.8;52;9691766312;S
20240222;100232;1573.8;60;9691766313;S
20240222;100232;1573.6;1;9691766314;S
20240222;100232;1573.4;104;9691766315;S
20240222;100232;1573.2;190;9691766316;S
20240222;100232;1573;12;9691766317;S
20240222;100232;1572.6;30;9691766318;S
20240222;100232;1572.4;127;9691766319;S
20240222;100232;1573.8;1;9691766343;B
20240222;100234;1574;1;9691766818;B
20240222;100235;1573.6;1;9691766993;S
20240222;100237;1574;3;9691767470;B
20240222;100238;1574;3;9691767606;B
20240222;100238;1574;1;9691767637;B
20240222;100238;1574;93;9691767762;B
20240222;100238;1574;15;9691767763;B
20240222;100238;1574.2;11;9691767764;B
20240222;100238;1574.4;200;9691767765;B
20240222;100238;1574.6;81;9691767766;B
20240222;100238;1574;1;9691767907;B
20240222;100239;1574.6;1;9691767931;B
20240222;100242;1574.6;6;9691768865;B
20240222;100244;1574.6;216;9691769386;B
20240222;100245;1574.6;100;9691769616;B
20240222;100251;1574.6;4;9691770952;B
20240222;100253;1574.6;2;9691771351;B
20240222;100253;1574.2;192;9691771484;S
20240222;100253;1574.2;52;9691771485;S
20240222;100253;1574.2;60;9691771486;S
20240222;100253;1574.2;60;9691771487;S
20240222;100253;1574;10;9691771488;S
20240222;100253;1573.8;18;9691771489;S
20240222;100253;1573.6;19;9691771490;S
20240222;100253;1573.6;1;9691771491;S
20240222;100253;1573.6;115;9691771492;S
20240222;100254;1574.6;45;9691771868;B
20240222;100255;1574.6;45;9691771961;B
20240222;100255;1574.6;1;9691771962;B
20240222;100255;1574.2;2;9691772161;S
20240222;100256;1574.6;2;9691772357;B
20240222;100258;1574.8;3;9691772682;B
20240222;100258;1574.6;5;9691772711;S
20240222;100258;1574.6;5;9691772712;S
20240222;100258;1574.6;1;9691772798;S
20240222;100259;1574.6;1;9691772916;S
20240222;100259;1574.6;5;9691772991;S
20240222;100301;1574.8;1;9691773499;B
20240222;100301;1574.6;4;9691773507;S
20240222;100303;1574.6;23;9691774211;S
20240222;100304;1574.8;2;9691774255;B
20240222;100304;1574.8;1;9691774322;B
20240222;100304;1574.8;1;9691774370;B
20240222;100304;1574.6;1;9691774445;S
20240222;100305;1574.8;2;9691774518;B
20240222;100305;1574.6;1;9691774668;S
20240222;100306;1574.8;3;9691774776;B
20240222;100307;1574.6;19;9691774957;S
20240222;100307;1574.6;5;9691774958;S
20240222;100307;1574.8;5;9691775104;B
20240222;100310;1574.6;3;9691775611;S
20240222;100312;1574.6;10;9691775895;S
20240222;100312;1574.8;4;9691775995;B
20240222;100312;1575;1;9691775996;B
20240222;100312;1575;2;9691775997;B
20240222;100312;1575;1;9691775998;B
20240222;100312;1575;3;9691775999;B
20240222;100312;1575;5;9691776000;B
20240222;100315;1575;2;9691776707;B
20240222;100315;1575;1;9691776749;B
20240222;100316;1574.8;73;9691777084;B
20240222;100316;1575;18;9691777085;B
20240222;100317;1575;1;9691777281;B
20240222;100318;1575;9;9691777448;B
20240222;100319;1575;100;9691777780;B
20240222;100321;1575;20;9691778197;B
20240222;100323;1575;204;9691778557;B
20240222;100323;1575;6;9691778558;B
20240222;100324;1574.8;2;9691779390;B
20240222;100325;1575;1;9691779891;B
20240222;100326;1575;3;9691779971;B
20240222;100327;1575;1;9691780272;B
20240222;100327;1575;10;9691780318;B
20240222;100328;1575;1;9691780507;B
20240222;100328;1575;1;9691780604;B
20240222;100329;1574.8;3;9691780678;S
20240222;100329;1575;8;9691780834;B
20240222;100329;1575;1;9691780835;B
20240222;100329;1575;1;9691780836;B
20240222;100329;1575;1;9691780837;B
20240222;100329;1575;1;9691780838;B
20240222;100329;1575;20;9691780839;B
20240222;100329;1575;1;9691780840;B
20240222;100329;1575;10;9691780841;B
20240222;100329;1575.4;5;9691780842;B
20240222;100329;1575.4;1;9691780843;B
20240222;100329;1575.6;4;9691780844;B
20240222;100329;1575.6;47;9691780845;B
20240222;100330;1575.6;3;9691780889;B
20240222;100330;1575.6;12;9691780890;B
20240222;100331;1575.6;10;9691781160;B
20240222;100332;1575.6;6;9691781459;B
20240222;100334;1575.6;4;9691781760;S
20240222;100334;1575.6;1;9691781761;S
20240222;100334;1576;5;9691781845;B
20240222;100334;1576;1;9691781846;B
20240222;100334;1576;1;9691781847;B
20240222;100334;1576;20;9691781848;B
20240222;100334;1576;34;9691781849;B
20240222;100335;1576;4;9691781897;B
20240222;100335;1576;2;9691781941;B
20240222;100335;1576;2;9691781972;B
20240222;100335;1576;2;9691781973;B
20240222;100338;1575.2;1;9691782623;S
20240222;100338;1576;1;9691782666;B
20240222;100338;1576;1;9691782667;B
20240222;100343;1575.2;1;9691783746;S
20240222;100346;1576;1;9691784342;B
20240222;100346;1576;1;9691784343;B
20240222;100346;1576;1;9691784344;B
20240222;100346;1576;1;9691784345;B
20240222;100346;1576.2;1;9691784346;B
20240222;100346;1576.4;3;9691784347;B
20240222;100346;1576.4;1;9691784348;B
20240222;100346;1576.4;3;9691784349;B
20240222;100346;1576.4;38;9691784350;B
20240222;100347;1576;1;9691784751;B
20240222;100348;1576;9;9691784859;B
20240222;100350;1576;2;9691785289;S
20240222;100354;1576.2;1;9691786311;B
20240222;100354;1576;1;9691786366;S
20240222;100356;1576.2;46;9691786792;B
20240222;100359;1576.2;1;9691787653;B
20240222;100400;1576;10;9691787884;S
20240222;100400;1576.2;21;9691788021;B
20240222;100400;1576.2;192;9691788022;B
20240222;100400;1576.2;61;9691788023;B
20240222;100402;1576.4;58;9691788589;B
20240222;100402;1576.4;2;9691788590;B
20240222;100403;1576.4;1;9691788702;B
20240222;100403;1576.4;1;9691788719;B
20240222;100404;1576.4;1;9691789092;B
20240222;100405;1576.2;12;9691789144;S
20240222;100406;1576.2;5;9691789282;S
20240222;100407;1576.4;1;9691789498;B
20240222;100407;1576.4;398;9691789552;B
20240222;100407;1576.4;1;9691789553;B
20240222;100407;1576.4;1;9691789554;B
20240222;100409;1576.2;18;9691789938;S
20240222;100410;1576.4;3;9691790069;B
20240222;100411;1576.4;2;9691790645;B
20240222;100412;1576.2;142;9691790806;S
20240222;100412;1576.2;5;9691790807;S
20240222;100412;1576.2;53;9691790808;S
20240222;100413;1576.2;7;9691791025;S
20240222;100413;1576.2;1;9691791026;S
20240222;100413;1576.2;1;9691791080;B
20240222;100414;1576;1;9691791295;S
20240222;100414;1576;1;9691791303;S
20240222;100414;1576.2;191;9691791345;B
20240222;100414;1576.4;15;9691791346;B
20240222;100415;1576;1;9691791724;S
20240222;100416;1576.2;4;9691791909;B
20240222;100417;1576.2;1;9691792082;B
20240222;100418;1576;1;9691792413;S
20240222;100419;1576;14;9691792512;S
20240222;100419;1576;10;9691792513;S
20240222;100419;1576;1;9691792514;S
20240222;100419;1576;7;9691792604;S
20240222;100419;1576.2;1;9691792666;B
20240222;100419;1576.2;8;9691792702;B
20240222;100420;1576;2;9691792955;S
20240222;100421;1576.2;15;9691793405;B
20240222;100421;1576;1;9691793475;S
20240222;100421;1576;1;9691793476;S
20240222;100421;1576;58;9691793477;S
20240222;100421;1576;1;9691793493;S
20240222;100421;1576;2;9691793497;S
20240222;100421;1576;1;9691793498;S
20240222;100422;1576.2;64;9691793751;B
20240222;100422;1576.2;192;9691793752;B
20240222;100423;1576.2;14;9691793999;S
20240222;100423;1576.2;9;9691794000;S
20240222;100423;1576;20;9691794001;S
20240222;100423;1576;1;9691794002;S
20240222;100423;1576;60;9691794003;S
20240222;100423;1576;60;9691794004;S
20240222;100423;1575.6;75;9691794005;S
20240222;100423;1575.6;30;9691794006;S
20240222;100423;1575.6;16;9691794007;S
20240222;100423;1575;2;9691794008;S
20240222;100423;1575;1;9691794009;S
20240222;100423;1574.8;26;9691794010;S
20240222;100423;1574.8;4;9691794011;S
20240222;100423;1574.6;4;9691794012;S
20240222;100423;1574.6;1;9691794013;S
20240222;100423;1574.6;5;9691794014;S
20240222;100423;1574.6;6;9691794015;S
20240222;100423;1574.6;73;9691794016;S
20240222;100424;1575.8;2;9691794147;B
20240222;100424;1575.8;1;9691794151;B
20240222;100425;1575.4;2;9691794428;B
20240222;100425;1575.4;6;9691794441;B
20240222;100427;1575.4;2;9691794745;B
20240222;100427;1574.6;5;9691794918;S
20240222;100431;1574.6;8;9691795837;S
20240222;100431;1574.6;9;9691795838;S
20240222;100433;1574.8;50;9691796349;B
20240222;100435;1575;1;9691796931;B
20240222;100435;1575;3;9691797052;B
20240222;100436;1574.8;1;9691797265;B
20240222;100437;1574.6;1;9691797588;S
20240222;100438;1574.6;1;9691797663;B
20240222;100438;1574.6;20;9691797745;B
20240222;100438;1574.4;41;9691797884;S
20240222;100438;1574.4;59;9691797885;S
20240222;100439;1574.4;45;9691797961;B
20240222;100441;1574.4;46;9691798365;B
20240222;100441;1574.8;3;9691798556;B
20240222;100443;1574.8;9;9691798933;B
20240222;100443;1575;41;9691798934;B
20240222;100444;1575;3;9691799173;B
20240222;100445;1575;1;9691799324;B
20240222;100445;1575;1;9691799370;B
20240222;100448;1574.4;1;9691800227;S
20240222;100448;1574.4;6;9691800228;S
20240222;100448;1574.4;19;9691800229;S
20240222;100452;1575;2;9691801037;B
20240222;100452;1574.8;1;9691801173;B
20240222;100452;1575;9;9691801174;B
20240222;100457;1574.8;3;9691802532;B
20240222;100458;1574.8;45;9691802572;B
20240222;100505;1574.8;3;9691804229;B
20240222;100506;1574.4;2;9691804547;B
20240222;100507;1574.4;3;9691804750;B
20240222;100508;1574.4;1;9691804863;B
20240222;100511;1574.4;10;9691805770;B
20240222;100511;1574.4;1;9691805889;B
20240222;100514;1574.4;11;9691806371;B
20240222;100514;1574.2;3;9691806392;S
20240222;100514;1574.2;60;9691806393;S
20240222;100514;1574.2;2;9691806394;S
20240222;100515;1574.2;1;9691806544;B
20240222;100515;1574.2;12;9691806581;B
20240222;100516;1574;1;9691806720;S
20240222;100516;1574;1;9691806721;S
20240222;100516;1574;3;9691806722;S
20240222;100516;1574;1;9691806723;S
20240222;100516;1574;76;9691806724;S
20240222;100518;1574.2;1;9691807184;B
20240222;100518;1574;1;9691807194;S
20240222;100522;1574.2;30;9691808086;B
20240222;100523;1574.2;1;9691808277;B
20240222;100523;1574.2;2;9691808365;B
20240222;100524;1574;49;9691808471;S
20240222;100524;1574;1;9691808472;S
20240222;100527;1574.2;1;9691809037;B
20240222;100529;1574.2;3;9691809397;B
20240222;100531;1574.2;2;9691809790;B
20240222;100531;1574.2;2;9691809809;B
20240222;100531;1574.2;5;9691810023;B
20240222;100533;1574;1;9691810360;S
20240222;100533;1574;4;9691810361;S
20240222;100533;1574.2;11;9691810373;B
20240222;100534;1574.2;1;9691810538;B
20240222;100535;1574;639;9691810874;S
20240222;100536;1574.2;1;9691811107;B
20240222;100537;1574.2;2;9691811147;B
20240222;100537;1574.2;1;9691811252;B
20240222;100537;1574.2;1;9691811259;B
20240222;100538;1574;65;9691811407;S
20240222;100538;1574;4;9691811535;S
20240222;100542;1574;2;9691812323;S
20240222;100543;1574.2;32;9691812720;B
20240222;100543;1574;1;9691812728;S
20240222;100544;1574;255;9691813143;S
20240222;100544;1574;2;9691813151;S
20240222;100544;1574.2;1;9691813195;B
20240222;100544;1574;4;9691813272;S
20240222;100544;1574.2;2;9691813834;B
20240222;100544;1574;3;9691813865;S
20240222;100544;1574;1;9691813906;S
20240222;100544;1574;1;9691813962;S
20240222;100544;1574;1;9691813985;S
20240222;100544;1574;1;9691813997;S
20240222;100544;1574;1;9691814022;S
20240222;100544;1574;2;9691814046;S
20240222;100544;1574.2;100;9691814125;B
20240222;100545;1574;1;9691814464;S
20240222;100545;1574;1;9691814473;S
20240222;100545;1574;1;9691814506;S
20240222;100545;1574;1;9691814518;S
20240222;100545;1574;5;9691814519;S
20240222;100545;1574;1;9691814541;S
20240222;100545;1574;1;9691814618;S
20240222;100545;1574;100;9691814670;S
20240222;100545;1574;12;9691814676;S
20240222;100545;1574;18;9691814999;S
20240222;100546;1574.2;1;9691815091;B
20240222;100546;1574.2;6;9691815235;B
20240222;100546;1574;22;9691815345;S
20240222;100546;1574;275;9691815481;S
20240222;100546;1574;3;9691815482;S
20240222;100546;1574;3;9691815483;S
20240222;100546;1574;15;9691815484;S
20240222;100546;1574;5;9691815485;S
20240222;100546;1574;6;9691815486;S
20240222;100546;1573.6;18;9691815487;S
20240222;100546;1573.4;12;9691815488;S
20240222;100546;1573.2;1;9691815489;S
20240222;100546;1573.2;2;9691815490;S
20240222;100546;1573.2;26;9691815491;S
20240222;100546;1573.2;34;9691815501;S
20240222;100546;1573.2;1;9691815502;S
20240222;100546;1573;2;9691815503;S
20240222;100546;1573;1;9691815504;S
20240222;100546;1572.8;1;9691815505;S
20240222;100546;1572.6;6;9691815506;S
20240222;100546;1572.6;1;9691815665;S
20240222;100546;1572.4;1;9691815693;S
20240222;100547;1572.4;4;9691815876;S
20240222;100547;1572.4;1;9691816013;S
20240222;100550;1572.4;1;9691817041;S
20240222;100550;1572.4;4;9691817079;S
20240222;100550;1572.4;33;9691817080;S
20240222;100550;1572.4;250;9691817147;S
20240222;100550;1572.6;1;9691817160;B
20240222;100551;1572.6;8;9691817234;B
20240222;100551;1572.6;3;9691817318;B
20240222;100551;1572.4;3;9691817336;S
20240222;100553;1572.4;1;9691817725;S
20240222;100554;1572.6;3;9691817778;B
20240222;100554;1572.6;1;9691817801;B
20240222;100554;1572.6;2;9691817820;B
20240222;100555;1572.6;1;9691817958;B
20240222;100555;1572.6;1;9691818035;B
20240222;100556;1572.6;2;9691818448;B
20240222;100556;1572.6;48;9691818449;B
20240222;100557;1572.8;2;9691818768;B
20240222;100559;1572.4;1;9691818984;S
20240222;100602;1572.4;5;9691819552;S
20240222;100603;1572.8;10;9691819847;B
20240222;100604;1572.8;1;9691819937;B
20240222;100604;1572.8;160;9691820061;B
20240222;100604;1572.8;5;9691820065;B
20240222;100605;1572.8;1;9691820230;B
20240222;100606;1572.4;80;9691820382;S
20240222;100606;1572.4;1;9691820383;S
20240222;100607;1572.4;2;9691820534;B
20240222;100607;1572.4;2;9691820582;B
20240222;100609;1572.4;1;9691820825;B
20240222;100610;1572.4;86;9691820871;B
20240222;100610;1572.4;14;9691820872;B
20240222;100610;1572.4;46;9691820873;B
20240222;100610;1572.4;54;9691820874;B
20240222;100610;1572.4;1;9691820883;B
20240222;100612;1572.4;1;9691821165;B
20240222;100613;1572;2;9691821544;S
20240222;100613;1572;1;9691821545;S
20240222;100613;1572;1;9691821546;S
20240222;100613;1572;1;9691821547;S
20240222;100614;1572;30;9691821773;B
20240222;100614;1572;1;9691821987;B
20240222;100614;1572;3;9691822016;B
20240222;100618;1572;16;9691823088;B
20240222;100618;1572.2;7;9691823089;B
20240222;100622;1571.6;20;9691823828;S
20240222;100622;1571.4;3;9691823841;S
20240222;100622;1571.4;3;9691823842;S
20240222;100622;1571.4;94;9691823843;S
20240222;100624;1571.8;10;9691824890;B
20240222;100624;1571.2;20;9691824912;S
20240222;100624;1571.2;60;9691824913;S
20240222;100627;1571.8;1;9691825655;B
20240222;100629;1571;1;9691825952;S
20240222;100630;1571;1;9691826019;S
20240222;100631;1571.4;1;9691826343;B
20240222;100632;1571.4;1;9691826469;B
20240222;100633;1571;22;9691826747;S
20240222;100633;1571;1;9691826748;S
20240222;100633;1571;188;9691826749;S
20240222;100634;1571;30;9691826870;S
20240222;100634;1571;1;9691826871;S
20240222;100634;1571;4;9691826872;S
20240222;100634;1571.2;3;9691826876;B
20240222;100634;1571.2;60;9691826877;B
20240222;100634;1571.4;62;9691826878;B
20240222;100634;1571.4;192;9691826879;B
20240222;100634;1571.6;18;9691826880;B
20240222;100634;1571.6;500;9691826881;B
20240222;100634;1571.6;7;9691826882;B
20240222;100634;1571;1;9691826913;S
20240222;100634;1571.8;1;9691826923;B
20240222;100635;1571.6;1;9691827122;B
20240222;100636;1571;100;9691827336;S
20240222;100637;1571.6;1;9691827558;B
20240222;100642;1571;5;9691828565;S
20240222;100642;1571;121;9691828641;S
20240222;100642;1571;1;9691828642;S
20240222;100642;1571;1;9691828643;S
20240222;100642;1571;2;9691828644;S
20240222;100642;1571;40;9691828645;S
20240222;100642;1571;6;9691828646;S
20240222;100642;1570.8;60;9691828647;S
20240222;100642;1570.8;19;9691828648;S
20240222;100642;1570.6;16;9691828649;S
20240222;100648;1571.2;1;9691829844;B
20240222;100649;1571.2;1;9691829918;B
20240222;100649;1571.2;1;9691829919;B
20240222;100654;1571.4;1;9691831223;B
20240222;100657;1570.6;2;9691831785;S
20240222;100657;1571;2;9691831848;B
20240222;100657;1570.6;10;9691831854;S
20240222;100657;1570.6;1;9691831909;S
20240222;100658;1570.6;2;9691832019;S
20240222;100658;1570.8;2;9691832021;B
20240222;100659;1570.8;1;9691832300;B
20240222;100700;1571;1;9691832366;B
20240222;100702;1570.8;2;9691832773;B
20240222;100702;1571;1;9691832872;B
20240222;100706;1570.8;9;9691833586;B
20240222;100706;1570.6;3;9691833730;S
20240222;100706;1570.6;1;9691833737;S
20240222;100707;1570.6;16;9691833943;S
20240222;100709;1570.6;9;9691834307;S
20240222;100711;1571;10;9691834763;B
20240222;100711;1571;2;9691834776;B
20240222;100712;1571;2;9691834999;B
20240222;100714;1571;4;9691835542;B
20240222;100715;1570.6;1;9691835587;S
20240222;100716;1570.6;2;9691835819;S
20240222;100717;1571;100;9691836131;B
20240222;100718;1571;1;9691836246;B
20240222;100718;1570.6;63;9691836318;S
20240222;100718;1570.6;3;9691836319;S
20240222;100718;1570.6;3;9691836320;S
20240222;100718;1570.6;1;9691836321;S
20240222;100718;1570.6;1;9691836322;S
20240222;100718;1570.6;17;9691836323;S
20240222;100718;1570.6;60;9691836324;S
20240222;100718;1570.4;60;9691836325;S
20240222;100718;1570.2;1;9691836326;S
20240222;100718;1570.2;1;9691836327;S
20240222;100718;1570.2;91;9691836328;S
20240222;100719;1571;5;9691836559;B
20240222;100719;1571;6;9691836609;B
20240222;100719;1571.2;35;9691836648;B
20240222;100721;1571.2;2;9691837112;B
20240222;100721;1570.8;17;9691837192;S
20240222;100721;1570.8;45;9691837193;S
20240222;100721;1570.8;1;9691837251;B
20240222;100722;1570.8;7;9691837326;B
20240222;100723;1570;1;9691837592;S
20240222;100724;1570.6;1;9691837605;B
20240222;100729;1570.6;1;9691838525;B
20240222;100729;1570.6;1;9691838526;B
20240222;100734;1570.4;1;9691839420;S
20240222;100734;1570;1;9691839421;S
20240222;100734;1570;1;9691839422;S
20240222;100734;1570;1;9691839423;S
20240222;100734;1570;13;9691839424;S
20240222;100734;1570.4;1;9691839459;B
20240222;100734;1570.6;1;9691839460;B
20240222;100735;1570.6;1;9691839698;B
20240222;100736;1570.6;3;9691839809;B
20240222;100736;1570;22;9691839889;S
20240222;100736;1570;5;9691839890;S
20240222;100736;1570;21;9691839891;S
20240222;100738;1570;1;9691840496;S
20240222;100738;1570.4;3;9691840508;B
20240222;100746;1570;1;9691841781;S
20240222;100747;1570.4;1;9691841932;B
20240222;100748;1570.4;6;9691842171;B
20240222;100749;1570;6;9691842317;S
20240222;100749;1570.4;21;9691842334;B
20240222;100753;1570.4;1;9691842995;B
20240222;100754;1570;1;9691843238;S
20240222;100754;1570;199;9691843239;S
20240222;100754;1570;30;9691843240;S
20240222;100757;1570.2;6;9691844126;B
20240222;100757;1570;2;9691844128;S
20240222;100758;1570;10;9691844243;S
20240222;100759;1570.2;1;9691844428;B
20240222;100800;1570;9;9691844480;S
20240222;100800;1570;4;9691844481;S
20240222;100800;1570;1;9691844482;S
20240222;100800;1570;3;9691844483;S
20240222;100800;1570;1;9691844484;S
20240222;100800;1570;10;9691844485;S
20240222;100800;1570;55;9691844486;S
20240222;100800;1570;1;9691844487;S
20240222;100800;1570;2;9691844602;S
20240222;100801;1570;9;9691844843;S
20240222;100803;1570;1;9691845012;S
20240222;100804;1570.2;1;9691845200;B
20240222;100804;1570;9;9691845358;S
20240222;100805;1570.2;10;9691845585;B
20240222;100805;1570;23;9691845586;S
20240222;100805;1570;2;9691845587;S
20240222;100805;1570;1;9691845588;S
20240222;100805;1570;3;9691845589;S
20240222;100805;1570;10;9691845590;S
20240222;100805;1570;9;9691845591;S
20240222;100805;1570;100;9691845592;S
20240222;100805;1570;1;9691845593;S
20240222;100805;1570;3;9691845594;S
20240222;100805;1569.8;7;9691845596;S
20240222;100805;1569.8;1;9691845597;S
20240222;100805;1569.6;3;9691845598;S
20240222;100806;1569;1;9691845751;S
20240222;100806;1569;3;9691845752;S
20240222;100806;1569;1;9691845753;S
20240222;100806;1569;28;9691845754;S
20240222;100806;1569;17;9691845755;S
20240222;100806;1569;1;9691845756;S
20240222;100806;1568.8;12;9691845757;S
20240222;100806;1568.6;2;9691845758;S
20240222;100806;1568.6;60;9691845759;S
20240222;100806;1568.6;19;9691845760;S
20240222;100806;1568.4;146;9691845761;S
20240222;100806;1568.2;10;9691845762;S
20240222;100806;1568.2;1;9691845763;S
20240222;100806;1568.2;2;9691845764;S
20240222;100806;1568.2;1;9691845765;S
20240222;100806;1568.2;66;9691845766;S
20240222;100806;1568.2;1;9691845782;S
20240222;100807;1568.6;2;9691845923;B
20240222;100807;1568.2;3;9691846002;S
20240222;100810;1568.2;17;9691846581;S
20240222;100810;1568.2;44;9691846582;S
20240222;100814;1568.8;1;9691847279;B
20240222;100817;1568.8;2;9691847639;B
20240222;100817;1568.8;1;9691847649;B
20240222;100820;1568.8;5;9691848115;B
20240222;100820;1568.8;1;9691848142;B
20240222;100820;1568.2;343;9691848208;S
20240222;100820;1568.2;10;9691848209;S
20240222;100820;1568.2;10;9691848210;S
20240222;100820;1568.2;2;9691848211;S
20240222;100820;1568.2;1;9691848212;S
20240222;100820;1568.2;3;9691848213;S
20240222;100820;1568.2;2;9691848214;S
20240222;100820;1568.2;1;9691848215;S
20240222;100820;1568.2;2;9691848216;S
20240222;100820;1568.2;10;9691848217;S
20240222;100820;1568.2;100;9691848218;S
20240222;100820;1568.2;13;9691848219;S
20240222;100820;1568.2;1;9691848220;S
20240222;100820;1568.2;8;9691848221;S
20240222;100820;1568.2;19;9691848222;S
20240222;100820;1568;10;9691848223;S
20240222;100820;1568;1;9691848224;S
20240222;100820;1568;2;9691848225;S
20240222;100820;1568;1;9691848226;S
20240222;100820;1568;1;9691848227;S
20240222;100820;1568;1;9691848228;S
20240222;100820;1568;1;9691848229;S
20240222;100820;1568;1;9691848230;S
20240222;100820;1568;30;9691848231;S
20240222;100820;1567.8;427;9691848232;S
20240222;100820;1567.4;1;9691848233;S
20240222;100820;1567.2;1;9691848234;S
20240222;100820;1567.2;1;9691848235;S
20240222;100820;1567.2;1;9691848236;S
20240222;100820;1567.2;1;9691848237;S
20240222;100820;1567;13;9691848238;S
20240222;100820;1567;2;9691848239;S
20240222;100820;1567;2;9691848240;S
20240222;100820;1567;8;9691848241;S
20240222;100822;1567;6;9691848379;S
20240222;100822;1566.8;69;9691848380;S
20240222;100822;1566.8;54;9691848409;S
20240222;100824;1567.2;1;9691848915;S
20240222;100824;1566.8;22;9691848958;S
20240222;100824;1566.6;17;9691848959;S
20240222;100824;1566.4;12;9691848960;S
20240222;100824;1566.2;10;9691848961;S
20240222;100826;1567.4;2;9691849355;B
20240222;100831;1566.6;1;9691850017;S
20240222;100831;1566.4;50;9691850018;S
20240222;100831;1566.4;1;9691850019;S
20240222;100831;1566.2;6;9691850020;S
20240222;100831;1566;3;9691850021;S
20240222;100831;1566;30;9691850022;S
20240222;100831;1566;17;9691850023;S
20240222;100831;1565.4;5;9691850024;S
20240222;100831;1565.4;5;9691850025;S
20240222;100831;1565.4;1;9691850026;S
20240222;100831;1565.4;5;9691850027;S
20240222;100831;1565.4;44;9691850028;S
20240222;100831;1565.4;162;9691850029;S
20240222;100833;1567;1;9691850446;B
20240222;100833;1567;1;9691850562;B
20240222;100835;1567;11;9691850966;B
20240222;100836;1566.8;1;9691851127;B
20240222;100838;1566.8;1;9691851597;B
20240222;100839;1567;5;9691851704;B
20240222;100839;1567;13;9691851705;B
20240222;100840;1567.6;2;9691851858;B
20240222;100841;1567.4;1;9691851994;B
20240222;100843;1567.2;170;9691852412;S
20240222;100845;1567;22;9691852833;S
20240222;100846;1567.2;1;9691853085;B
20240222;100848;1567.4;1;9691853386;B
20240222;100848;1567.4;1;9691853444;B
20240222;100850;1567;4;9691853757;S
20240222;100856;1567.6;2;9691855292;B
20240222;100901;1567.6;2;9691856101;B
20240222;100903;1567.2;20;9691856546;S
20240222;100904;1567.2;172;9691856731;S
20240222;100904;1567;128;9691856732;S
20240222;100906;1567.6;1;9691857132;S
20240222;100907;1568;3;9691857278;B
20240222;100907;1568.2;2;9691857279;B
20240222;100910;1568.2;14;9691857793;B
20240222;100912;1568.2;1;9691858147;B
20240222;100917;1567.6;10;9691858957;S
20240222;100919;1568.2;1;9691859326;B
20240222;100920;1568.2;14;9691859457;B
20240222;100921;1568.2;1;9691859558;B
20240222;100928;1568.2;100;9691860577;S
20240222;100931;1568.2;17;9691861112;S
20240222;100933;1568;12;9691861393;S
20240222;100933;1568.2;1;9691861408;B
20240222;100933;1568.2;1;9691861482;B
20240222;100933;1568.2;6;9691861483;B
20240222;100935;1568.2;2;9691861648;B
20240222;100935;1568.2;1;9691861680;B
20240222;100935;1568.2;22;9691861700;B
20240222;100935;1568.8;10;9691861701;B
20240222;100935;1569.2;1;9691861702;B
20240222;100935;1569.4;1;9691861703;B
20240222;100935;1569.4;18;9691861704;B
20240222;100935;1569.6;11;9691861705;B
20240222;100938;1569.4;16;9691862163;B
20240222;100938;1569.4;18;9691862164;B
20240222;100938;1569.6;191;9691862165;B
20240222;100938;1569.8;6;9691862166;B
20240222;100938;1570;9;9691862167;B
20240222;100938;1570;2;9691862168;B
20240222;100938;1570;60;9691862169;B
20240222;100938;1570.4;250;9691862170;B
20240222;100938;1570.6;100;9691862171;B
20240222;100938;1570.6;7;9691862172;B
20240222;100938;1570.6;40;9691862173;B
20240222;100938;1570.8;51;9691862174;B
20240222;100942;1569.6;1;9691863087;S
20240222;100942;1569.6;20;9691863118;S
20240222;100951;1570.2;1;9691864303;B
20240222;100951;1570.4;1;9691864304;B
20240222;100954;1570.6;2;9691864789;B
20240222;100954;1570.8;12;9691864790;B
20240222;100954;1571;10;9691864791;B
20240222;100954;1571;219;9691864792;B
20240222;100954;1571.2;1;9691864793;B
20240222;100954;1571.2;76;9691864794;B
20240222;100955;1571.6;3;9691864839;B
20240222;100956;1571.6;1;9691865005;B
20240222;100956;1571.6;5;9691865032;B
20240222;100956;1571.6;3;9691865084;B
20240222;100956;1571.6;16;9691865085;B
20240222;100956;1571.8;31;9691865086;B
20240222;100956;1570.6;22;9691865126;S
20240222;100956;1570.6;3;9691865127;S
20240222;100957;1570.2;36;9691865190;S
20240222;100957;1570;5;9691865191;S
20240222;100957;1570;21;9691865192;S
20240222;100957;1569.8;38;9691865193;S
20240222;100957;1571.4;21;9691865223;B
20240222;100957;1571.6;60;9691865224;B
20240222;100957;1571.8;64;9691865225;B
20240222;100957;1572;160;9691865226;B
20240222;100959;1571.6;5;9691865486;B
20240222;101002;1571.6;2;9691865842;B
20240222;101004;1571.4;1;9691866153;B
20240222;101004;1571.4;100;9691866172;B
20240222;101005;1571.6;1;9691866224;B
20240222;101007;1571.4;1;9691866595;B
20240222;101007;1570.8;1;9691866610;S
20240222;101008;1571.4;2;9691866789;B
20240222;101008;1571.6;3;9691866790;B
20240222;101008;1571.4;6;9691866813;B
20240222;101008;1571.6;11;9691866814;B
20240222;101008;1571.6;1;9691866815;B
20240222;101009;1571.6;1;9691866857;B
20240222;101010;1571.6;1;9691866987;B
20240222;101012;1570.8;1;9691867305;S
20240222;101012;1570.8;19;9691867306;S
20240222;101016;1571;2;9691867657;B
20240222;101017;1570.2;1;9691867815;S
20240222;101017;1570.2;2;9691867816;S
20240222;101017;1570.8;1;9691867839;B
20240222;101019;1570.8;1;9691868203;B
20240222;101019;1571;2;9691868204;B
20240222;101019;1571;2;9691868210;B
20240222;101022;1570.8;1;9691868642;B
20240222;101022;1571;13;9691868643;B
20240222;101022;1571;86;9691868644;B
20240222;101027;1570.8;1;9691869298;B
20240222;101027;1571;5;9691869356;B
20240222;101031;1570.4;15;9691869784;S
20240222;101031;1570.2;1;9691869785;S
20240222;101031;1570.2;3;9691869786;S
20240222;101031;1570.2;17;9691869787;S
20240222;101031;1570.2;14;9691869788;S
20240222;101031;1570.2;5;9691869797;S
20240222;101032;1570.8;1;9691869947;B
20240222;101033;1570.8;1;9691870085;B
20240222;101033;1571;9;9691870086;B
20240222;101034;1571;1;9691870158;B
20240222;101036;1570.8;1;9691870582;S
20240222;101038;1571;2;9691870913;B
20240222;101038;1571;2;9691870954;B
20240222;101039;1571;6;9691871007;B
20240222;101040;1571;1;9691871194;B
20240222;101041;1571;1;9691871298;B
20240222;101043;1570.8;2;9691871570;S
20240222;101043;1570.4;1;9691871571;S
20240222;101043;1570.8;2;9691871604;B
20240222;101046;1570.4;6;9691871995;S
20240222;101052;1570.8;11;9691872722;B
20240222;101056;1570.8;1;9691873266;B
20240222;101059;1570.8;3;9691873692;B
20240222;101059;1571;7;9691873693;B
20240222;101101;1570.8;7;9691873924;B
20240222;101101;1571;13;9691873925;B
20240222;101110;1571;3;9691874979;B
20240222;101110;1571;5;9691874991;B
20240222;101112;1570.4;4;9691875218;S
20240222;101112;1570.4;21;9691875219;S
20240222;101113;1571;33;9691875325;B
20240222;101114;1570.2;20;9691875450;S
20240222;101115;1570.4;3;9691875600;S
20240222;101115;1570.6;1;9691875646;B
20240222;101118;1570.6;6;9691876022;B
20240222;101118;1570.6;5;9691876072;B
20240222;101122;1570.6;4;9691876586;B
20240222;101123;1570.6;1;9691876852;B
20240222;101127;1570.6;3;9691877392;B
20240222;101127;1570.6;3;9691877393;B
20240222;101128;1570.6;9;9691877502;B
20240222;101128;1570.6;20;9691877503;B
20240222;101128;1570.6;18;9691877504;B
20240222;101128;1570.6;78;9691877505;B
20240222;101131;1570.8;1;9691877888;B
20240222;101131;1570.8;1;9691877931;B
20240222;101132;1570.6;50;9691878102;S
20240222;101132;1570.6;39;9691878103;S
20240222;101132;1570.4;16;9691878104;S
20240222;101136;1570.6;2;9691878606;S
20240222;101136;1570.6;10;9691878607;S
20240222;101143;1570.6;8;9691879496;B
20240222;101143;1570.6;2;9691879499;B
20240222;101144;1570.6;1;9691879544;B
20240222;101146;1570.2;191;9691879785;S
20240222;101146;1570;1;9691879786;S
20240222;101146;1570;5;9691879787;S
20240222;101146;1570;10;9691879788;S
20240222;101146;1570;2;9691879789;S
20240222;101146;1570;1;9691879790;S
20240222;101146;1570;1;9691879791;S
20240222;101146;1570;1;9691879792;S
20240222;101146;1570;1;9691879793;S
20240222;101146;1570;3;9691879794;S
20240222;101146;1570;1;9691879795;S
20240222;101146;1570;15;9691879796;S
20240222;101146;1569.8;1;9691879874;S
20240222;101149;1570;1;9691880185;B
20240222;101149;1569.8;2;9691880206;S
20240222;101149;1569.8;3;9691880207;S
20240222;101149;1570;1;9691880232;B
20240222;101153;1569.8;1;9691880663;B
20240222;101153;1570;66;9691880664;B
20240222;101153;1570.2;3;9691880665;B
20240222;101153;1570.2;5;9691880666;B
20240222;101203;1570.2;1;9691881872;S
20240222;101204;1570.4;3;9691881999;B
20240222;101207;1570.2;2;9691882493;S
20240222;101207;1570.6;1;9691882605;B
20240222;101208;1570.2;7;9691882661;S
20240222;101209;1570.6;87;9691882921;B
20240222;101211;1570.6;2;9691883207;B
20240222;101213;1570.6;1;9691883437;B
20240222;101214;1570.6;10;9691883683;B
20240222;101216;1570.4;1;9691883929;S
20240222;101217;1570.6;3;9691884091;B
20240222;101217;1570.6;1;9691884143;B
20240222;101217;1570.6;2;9691884197;B
20240222;101219;1570.6;453;9691884307;B
20240222;101219;1570.6;14;9691884308;B
20240222;101219;1570.8;47;9691884309;B
20240222;101219;1570.8;10;9691884310;B
20240222;101219;1571;10;9691884311;B
20240222;101219;1571;116;9691884312;B
20240222;101223;1571;3;9691884990;B
20240222;101226;1571;2;9691885275;B
20240222;101228;1571;1;9691885602;B
20240222;101229;1571;50;9691885888;B
20240222;101229;1571;1;9691885947;B
20240222;101230;1571;1;9691886125;B
20240222;101231;1570.8;5;9691886245;S
20240222;101232;1571;1;9691886396;B
20240222;101234;1571;46;9691886630;B
20240222;101234;1571;10;9691886658;B
20240222;101234;1571;1;9691886732;B
20240222;101234;1571;10;9691886797;B
20240222;101235;1570.8;50;9691886871;S
20240222;101235;1571;13;9691886872;B
20240222;101236;1571;40;9691887091;B
20240222;101236;1571;13;9691887092;B
20240222;101240;1571;2;9691887720;B
20240222;101243;1570.8;2;9691888175;S
20240222;101244;1570.8;62;9691888250;S
20240222;101245;1571;5;9691888384;B
20240222;101245;1571;1;9691888425;B
20240222;101246;1570.6;1;9691888636;S
20240222;101247;1571;5;9691888700;B
20240222;101247;1571;1;9691888824;B
20240222;101248;1571;1;9691888863;B
20240222;101248;1571;1;9691888910;B
20240222;101251;1571;2;9691889262;B
20240222;101252;1571;14;9691889378;B
20240222;101252;1571;31;9691889379;B
20240222;101252;1571;2;9691889380;B
20240222;101252;1571;5;9691889381;B
20240222;101252;1571.2;10;9691889382;B
20240222;101252;1571.2;1;9691889383;B
20240222;101252;1571.2;14;9691889384;B
20240222;101252;1571.4;1;9691889385;B
20240222;101252;1571.6;60;9691889386;B
20240222;101252;1571.8;55;9691889387;B
20240222;101252;1572;11;9691889388;B
20240222;101252;1572.2;5;9691889389;B
20240222;101252;1572.4;35;9691889390;B
20240222;101252;1572.6;60;9691889391;B
20240222;101252;1572.6;51;9691889392;B
20240222;101252;1572.6;190;9691889393;B
20240222;101252;1573;1;9691889394;B
20240222;101252;1573;8;9691889395;B
20240222;101252;1573;1;9691889396;B
20240222;101252;1573;2;9691889397;B
20240222;101252;1573.4;43;9691889398;B
20240222;101255;1573.2;1;9691889885;B
20240222;101257;1572.4;12;9691890178;S
20240222;101257;1572.2;3;9691890179;S
20240222;101257;1573.2;12;9691890233;B
20240222;101257;1573.2;283;9691890234;B
20240222;101257;1573.2;60;9691890235;B
20240222;101257;1573.2;54;9691890236;B
20240222;101303;1573.2;14;9691890983;B
20240222;101303;1573.2;1;9691890984;B
20240222;101309;1573.2;1;9691891636;B
20240222;101309;1573.4;1;9691891637;B
20240222;101310;1573.6;3;9691891746;B
20240222;101312;1573.6;30;9691891987;B
20240222;101320;1573.2;100;9691893217;S
20240222;101321;1572.6;2;9691893284;S
20240222;101321;1572.2;3;9691893285;S
20240222;101327;1572.2;1;9691894108;B
20240222;101330;1572.2;5;9691894451;B
20240222;101333;1572.2;1;9691895269;B
20240222;101333;1572.2;1;9691895449;B
20240222;101336;1572.2;4;9691895881;B
20240222;101336;1572.2;1;9691895894;B
20240222;101338;1572.2;1;9691896286;B
20240222;101340;1572.2;1;9691896650;B
20240222;101345;1572.2;1;9691897609;B
20240222;101347;1572;1;9691897993;S
20240222;101347;1572;2;9691897994;S
20240222;101354;1571.6;2;9691898982;S
20240222;101354;1571.6;1;9691899191;S
20240222;101354;1571.4;2;9691899192;S
20240222;101355;1571.4;2;9691899249;S
20240222;101355;1571.2;14;9691899250;S
20240222;101355;1571;5;9691899251;S
20240222;101355;1571;14;9691899252;S
20240222;101355;1571;5;9691899294;B
20240222;101357;1571;1;9691899598;B
20240222;101357;1570.8;1;9691899674;S
20240222;101357;1570.6;11;9691899675;S
20240222;101357;1570.6;18;9691899676;S
20240222;101359;1570.2;10;9691899925;S
20240222;101359;1570.2;1;9691899926;S
20240222;101359;1570.2;1;9691899927;S
20240222;101359;1570.2;1;9691899928;S
20240222;101359;1570.2;17;9691899929;S
20240222;101407;1570.2;89;9691901237;S
20240222;101408;1570.6;18;9691901354;B
20240222;101408;1570.6;42;9691901419;B
20240222;101408;1570.6;58;9691901420;B
20240222;101411;1570.8;1;9691901875;B
20240222;101411;1570.8;3;9691901949;B
20240222;101413;1570.4;1;9691902181;S
20240222;101416;1570.8;1;9691902553;B
20240222;101420;1570.6;2;9691903418;S
20240222;101429;1570.4;5;9691905862;S
20240222;101429;1570.2;2;9691905863;S
20240222;101429;1570.2;1;9691905864;S
20240222;101430;1570.6;1;9691906056;B
20240222;101431;1570.4;1;9691906133;B
20240222;101432;1570.4;1;9691906471;B
20240222;101434;1570.6;2;9691906658;B
20240222;101434;1570.6;9;9691906687;B
20240222;101435;1570.6;1;9691907005;B
20240222;101435;1570.2;109;9691907082;S
20240222;101435;1570.2;5;9691907083;S
20240222;101435;1570;10;9691907084;S
20240222;101435;1570;30;9691907085;S
20240222;101435;1570;10;9691907086;S
20240222;101435;1570;36;9691907087;S
20240222;101435;1570;4;9691907088;S
20240222;101435;1570;2;9691907089;S
20240222;101435;1570;1;9691907090;S
20240222;101435;1570;1;9691907091;S
20240222;101435;1570;1;9691907092;S
20240222;101435;1570;13;9691907093;S
20240222;101435;1570;28;9691907094;S
20240222;101436;1570.6;1;9691907197;B
20240222;101437;1570.2;2;9691907404;S
20240222;101438;1570.6;1;9691907803;B
20240222;101441;1570.6;1;9691908418;B
20240222;101441;1570.6;18;9691908419;B
20240222;101443;1570.2;1;9691908759;S
20240222;101445;1570.6;30;9691909233;B
20240222;101447;1570.2;1;9691909488;S
20240222;101452;1570.8;1;9691910295;B
20240222;101454;1570.8;1;9691910467;B
20240222;101455;1570.8;1;9691910655;B
20240222;101455;1570.6;1;9691910687;S
20240222;101455;1570.4;1;9691910688;S
20240222;101458;1570.8;1;9691911158;B
20240222;101500;1570.8;1;9691911471;B
20240222;101500;1570.8;2;9691911472;B
20240222;101507;1570.4;9;9691912586;S
20240222;101509;1570.8;1;9691912716;B
20240222;101514;1570.8;10;9691913982;B
20240222;101514;1570.8;150;9691913983;B
20240222;101516;1570.8;50;9691914359;B
20240222;101516;1570.8;2;9691914360;B
20240222;101517;1571;10;9691914540;B
20240222;101518;1571;2;9691914808;B
20240222;101519;1571;1;9691915122;B
20240222;101519;1571;5;9691915123;B
20240222;101519;1571;10;9691915171;B
20240222;101521;1571;15;9691915483;B
20240222;101521;1571;15;9691915484;B
20240222;101523;1571;1;9691916057;B
20240222;101524;1570.8;2;9691916200;S
20240222;101528;1570.8;3;9691917394;S
20240222;101534;1571;1;9691918749;B
20240222;101535;1570.8;1;9691918932;S
20240222;101540;1571;1;9691920077;B
20240222;101543;1571;43;9691920710;B
20240222;101549;1571;39;9691921924;B
20240222;101549;1571;13;9691921925;B
20240222;101549;1571;5;9691921926;B
20240222;101549;1571.2;4;9691921927;B
20240222;101549;1571.6;39;9691921928;B
20240222;101555;1571;5;9691923356;S
20240222;101556;1570.8;5;9691923587;S
20240222;101556;1570.8;1;9691923588;S
20240222;101556;1570.8;5;9691923589;S
20240222;101556;1570.8;1;9691923590;S
20240222;101556;1570.8;88;9691923591;S
20240222;101559;1570.8;1;9691924247;B
20240222;101601;1570.2;3;9691924657;S
20240222;101601;1570.8;1;9691924659;B
20240222;101602;1570.8;1;9691924950;B
20240222;101602;1570.2;4;9691924974;S
20240222;101602;1570.2;6;9691924975;S
20240222;101605;1570.8;5;9691925668;B
20240222;101605;1570.8;8;9691925874;B
20240222;101607;1570.8;5;9691926131;B
20240222;101608;1570.8;1;9691926428;B
20240222;101609;1570.8;40;9691926640;B
20240222;101610;1570.4;17;9691926765;S
20240222;101613;1570.6;5;9691927619;B
20240222;101615;1570.6;1;9691927827;B
20240222;101617;1570.6;11;9691928341;B
20240222;101619;1570.2;1;9691928616;S
20240222;101619;1570.2;2;9691928617;S
20240222;101619;1570.2;6;9691928618;S
20240222;101622;1570.6;3;9691929213;B
20240222;101623;1570.6;2;9691929570;B
20240222;101624;1570.6;43;9691929695;B
20240222;101624;1570.6;1;9691929696;B
20240222;101624;1570.6;14;9691929697;B
20240222;101628;1570.6;1;9691930544;B
20240222;101629;1570.6;1;9691930764;B
20240222;101629;1570.6;14;9691930765;B
20240222;101629;1570.6;1;9691930766;B
20240222;101629;1570.6;60;9691930767;B
20240222;101631;1570.6;1;9691931283;B
20240222;101635;1570.6;1;9691931967;B
20240222;101641;1570.4;6;9691933156;S
20240222;101641;1570.6;1;9691933312;B
20240222;101643;1570.6;15;9691933664;B
20240222;101645;1570.6;5;9691934095;B
20240222;101645;1570.6;39;9691934114;B
20240222;101645;1570.6;14;9691934115;B
20240222;101647;1570.8;1;9691934379;B
20240222;101650;1570.8;137;9691934824;B
20240222;101650;1570.8;137;9691934836;B
20240222;101650;1570.8;137;9691934844;B
20240222;101650;1570.8;88;9691934854;B
20240222;101651;1570.6;1;9691935068;S
20240222;101651;1570.6;2;9691935129;S
20240222;101651;1570.4;103;9691935130;S
20240222;101652;1570.8;1;9691935309;B
20240222;101652;1570.8;1;9691935336;B
20240222;101653;1570.8;1;9691935458;B
20240222;101653;1570.8;1;9691935505;B
20240222;101653;1570.8;2;9691935526;B
20240222;101655;1570.8;3;9691936035;B
20240222;101656;1570.8;3;9691936119;B
20240222;101659;1570.8;6;9691936667;B
20240222;101659;1570.8;20;9691936702;B
20240222;101659;1570.8;2;9691936709;B
20240222;101701;1570.8;5;9691936970;B
20240222;101704;1570.8;4;9691937410;B
20240222;101704;1570.6;3;9691937437;S
20240222;101704;1570.4;7;9691937438;S
20240222;101704;1570.8;7;9691937510;B
20240222;101707;1570.8;5;9691938351;B
20240222;101709;1570.4;30;9691938586;S
20240222;101709;1570.8;1;9691938699;B
20240222;101711;1570.8;4;9691939008;B
20240222;101711;1570.4;2;9691939088;S
20240222;101711;1570.4;2;9691939091;S
20240222;101712;1570.8;25;9691939303;B
20240222;101713;1570.8;7;9691939456;B
20240222;101716;1570.8;1;9691940001;B
20240222;101717;1570.8;30;9691940342;B
20240222;101718;1570.8;3;9691940365;B
20240222;101718;1570.4;2;9691940426;S
20240222;101718;1570.8;4;9691940520;B
20240222;101721;1570.8;6;9691940877;B
20240222;101722;1570.4;2;9691940991;S
20240222;101727;1570.8;1;9691941658;B
20240222;101727;1570.8;15;9691941746;B
20240222;101728;1570.8;1;9691941902;B
20240222;101729;1570.4;1;9691941970;S
20240222;101730;1570.6;6;9691942105;B
20240222;101730;1570.8;17;9691942151;B
20240222;101730;1570.4;77;9691942282;S
20240222;101732;1570.8;4;9691942530;B
20240222;101736;1570.4;3;9691943200;B
20240222;101736;1570.4;69;9691943249;B
20240222;101736;1570.4;16;9691943250;B
20240222;101736;1570.6;255;9691943251;B
20240222;101736;1570.8;632;9691943252;B
20240222;101741;1570.8;1;9691943980;B
20240222;101743;1570.6;1;9691944208;S
20240222;101743;1570.2;24;9691944209;S
20240222;101743;1570.2;70;9691944210;S
20240222;101743;1570.2;15;9691944211;S
20240222;101743;1570;50;9691944212;S
20240222;101743;1570;1;9691944213;S
20240222;101743;1570;3;9691944214;S
20240222;101743;1570;2;9691944215;S
20240222;101743;1570;1;9691944216;S
20240222;101743;1570;45;9691944217;S
20240222;101743;1570;19;9691944235;S
20240222;101745;1570.2;25;9691944633;S
20240222;101747;1570.4;9;9691944872;B
20240222;101747;1570.4;15;9691944873;B
20240222;101747;1570.6;7;9691944874;B
20240222;101748;1570.8;1;9691944950;B
20240222;101758;1570.4;6;9691946110;B
20240222;101759;1570.2;1;9691946228;B
20240222;101759;1570.2;3;9691946231;B
20240222;101801;1570;20;9691946851;S
20240222;101803;1570.4;15;9691947098;B
20240222;101803;1570.6;40;9691947099;B
20240222;101803;1570.6;60;9691947100;B
20240222;101803;1570.6;60;9691947101;B
20240222;101803;1570.6;1;9691947223;S
20240222;101806;1570.8;2;9691947583;B
20240222;101806;1570.8;28;9691947586;B
20240222;101807;1570.8;1;9691947928;B
20240222;101807;1570.8;5;9691947955;B
20240222;101810;1570.8;1;9691948425;B
20240222;101815;1570.8;1;9691949340;B
20240222;101816;1570.6;1;9691949516;S
20240222;101816;1570.6;1;9691949527;S
20240222;101816;1570.6;1;9691949574;S
20240222;101818;1570.8;6;9691949875;B
20240222;101819;1570.8;20;9691950005;B
20240222;101820;1570.8;1;9691950158;B
20240222;101820;1570.6;1;9691950159;S
20240222;101821;1570.8;3;9691950231;B
20240222;101821;1570.8;4;9691950341;B
20240222;101822;1570.8;4;9691950465;B
20240222;101823;1570.8;7;9691950593;B
20240222;101823;1570.8;72;9691950601;B
20240222;101823;1570.8;2;9691950602;B
20240222;101823;1570.8;5;9691950603;B
20240222;101823;1570.8;25;9691950604;B
20240222;101823;1570.8;40;9691950605;B
20240222;101827;1570.8;1;9691951443;B
20240222;101827;1570.6;1;9691951580;S
20240222;101830;1570.6;1;9691951930;S
20240222;101831;1570.8;14;9691952001;B
20240222;101833;1570.8;1;9691952232;B
20240222;101833;1570.6;1;9691952258;S
20240222;101834;1570.8;2;9691952558;B
20240222;101835;1570.6;18;9691952578;S
20240222;101839;1570.6;20;9691953523;S
20240222;101840;1570.6;1;9691953569;S
20240222;101840;1570.6;9;9691953583;S
20240222;101841;1570.8;2;9691953742;B
20240222;101841;1570.8;2;9691953743;B
20240222;101842;1570.6;204;9691953848;S
20240222;101842;1570.6;430;9691953849;S
20240222;101842;1570.6;135;9691953850;S
20240222;101842;1570.6;1;9691953851;S
20240222;101842;1570.6;29;9691953852;S
20240222;101842;1570.2;1;9691953853;S
20240222;101843;1570.2;1;9691954016;B
20240222;101843;1570.2;16;9691954100;B
20240222;101843;1570.2;60;9691954101;B
20240222;101843;1570.2;24;9691954102;B
20240222;101843;1570;1;9691954107;S
20240222;101846;1570.2;1;9691954545;B
20240222;101847;1570;15;9691954641;S
20240222;101847;1570;1;9691954642;S
20240222;101847;1570;1;9691954643;S
20240222;101847;1570;6;9691954644;S
20240222;101847;1570;3;9691954645;S
20240222;101849;1570.2;1;9691955004;B
20240222;101849;1570;7;9691955035;S
20240222;101850;1570.2;9;9691955117;B
20240222;101851;1570.2;1;9691955193;B
20240222;101852;1570;6;9691955679;S
20240222;101852;1570;1;9691955680;S
20240222;101854;1570.2;3;9691955923;B
20240222;101904;1570;1;9691957377;S
20240222;101904;1570.2;54;9691957380;B
20240222;101904;1570;4;9691957402;S
20240222;101904;1570;1;9691957403;S
20240222;101904;1570;2;9691957404;S
20240222;101904;1570;1;9691957405;S
20240222;101906;1570;1;9691957745;S
20240222;101908;1570;1;9691957959;S
20240222;101908;1570;4;9691958036;S
20240222;101910;1570;2;9691958357;S
20240222;101910;1570;2;9691958417;S
20240222;101910;1570;4;9691958418;S
20240222;101910;1570.2;5;9691958419;B
20240222;101910;1570;1;9691958461;B
20240222;101911;1570.2;7;9691958647;B
20240222;101912;1570.2;1;9691958781;B
20240222;101913;1569.8;2;9691958978;S
20240222;101913;1569.8;1;9691959044;S
20240222;101913;1569.4;13;9691959045;S
20240222;101913;1569.4;15;9691959046;S
20240222;101913;1569.2;180;9691959047;S
20240222;101913;1569;10;9691959048;S
20240222;101913;1569;1;9691959049;S
20240222;101913;1569;100;9691959050;S
20240222;101913;1569;60;9691959051;S
20240222;101913;1569;20;9691959052;B
20240222;101914;1569.4;1;9691959116;B
20240222;101914;1568.8;1;9691959179;S
20240222;101914;1568.8;2;9691959180;S
20240222;101914;1568.8;1;9691959181;S
20240222;101914;1568.6;70;9691959182;S
20240222;101914;1568.4;1;9691959183;S
20240222;101914;1568.4;1;9691959184;S
20240222;101914;1568.2;25;9691959185;S
20240222;101914;1568.2;2;9691959186;S
20240222;101914;1568.2;15;9691959187;S
20240222;101914;1568.2;32;9691959188;S
20240222;101915;1568.8;12;9691959199;B
20240222;101917;1568.6;12;9691959541;B
20240222;101917;1568.6;2;9691959542;B
20240222;101917;1569;1;9691959629;B
20240222;101918;1568;1;9691959659;S
20240222;101921;1568.8;1;9691960235;B
20240222;101924;1568;6;9691960483;S
20240222;101924;1568;3;9691960496;S
20240222;101924;1568;2;9691960497;S
20240222;101924;1568;1;9691960498;S
20240222;101924;1568;10;9691960499;S
20240222;101924;1568;5;9691960500;S
20240222;101924;1568;1;9691960501;S
20240222;101924;1568;1;9691960502;S
20240222;101924;1568;2;9691960503;S
20240222;101927;1568.4;1;9691960883;B
20240222;101927;1568.6;1;9691960884;B
20240222;101929;1568.4;1;9691961156;B
20240222;101931;1569;15;9691961312;B
20240222;101931;1569.2;1;9691961313;B
20240222;101931;1569.2;4;9691961314;B
20240222;101931;1569;1;9691961328;B
20240222;101932;1569;5;9691961422;B
20240222;101936;1569;3;9691961957;B
20240222;101939;1568.8;2;9691962227;B
20240222;101939;1569;1;9691962228;B
20240222;101946;1568.8;1;9691963171;B
20240222;101946;1569;1;9691963172;B
20240222;101946;1569;14;9691963173;B
20240222;101946;1569;54;9691963174;B
20240222;101948;1569.6;1;9691963314;B
20240222;101957;1569.6;3;9691964310;B
20240222;101959;1569;1;9691964532;S
20240222;101959;1568.6;10;9691964533;S
20240222;101959;1568.6;9;9691964534;S
20240222;102003;1569.2;1;9691964982;B
20240222;102003;1569.2;2;9691964983;B
20240222;102005;1568.6;1;9691965307;S
20240222;102005;1568.4;13;9691965308;S
20240222;102005;1568.4;36;9691965309;S
20240222;102008;1568.8;1;9691965621;B
20240222;102012;1568.6;2;9691966027;B
20240222;102013;1569;2;9691966230;B
20240222;102026;1568.2;5;9691970703;S
20240222;102026;1568;2;9691970704;S
20240222;102026;1568;1;9691970705;S
20240222;102026;1568;1;9691970706;S
20240222;102026;1568;1;9691970707;S
20240222;102026;1568;10;9691970708;S
20240222;102026;1568;13;9691970709;S
20240222;102026;1567.8;3;9691970710;S
20240222;102026;1567.8;39;9691970711;S
20240222;102030;1568.6;3;9691972910;B
20240222;102031;1568.6;8;9691973544;B
20240222;102035;1568.6;1;9691974570;B
20240222;102038;1568.2;10;9691975298;S
20240222;102040;1569;2;9691976687;B
20240222;102043;1568.2;6;9691977054;S
20240222;102049;1568.8;1;9691977834;B
20240222;102052;1568.2;14;9691979225;S
20240222;102053;1568.8;1;9691979355;B
20240222;102101;1568.8;1;9691981703;B
20240222;102115;1568.2;1;9691984793;S
20240222;102117;1568.8;1;9691985005;B
20240222;102121;1568.8;5;9691987542;B
20240222;102131;1568.2;2;9691990206;S
20240222;102134;1568.2;5;9691990984;S
20240222;102135;1568.8;1;9691991026;B
20240222;102135;1569;1;9691991027;B
20240222;102141;1568.2;63;9691992988;S
20240222;102142;1568.2;5;9691993204;S
20240222;102144;1568.2;102;9691993421;S
20240222;102144;1568.2;1;9691993422;S
20240222;102144;1568.2;1;9691993423;S
20240222;102144;1568.2;60;9691993424;S
20240222;102144;1568.2;36;9691993425;S
20240222;102157;1569;1;9691997260;B
20240222;102157;1568.4;2;9691997268;S
20240222;102203;1568.4;5;9691998403;S
20240222;102203;1569;2;9691998419;B
20240222;102204;1569;1;9691999088;B
20240222;102208;1568.4;1;9691999835;S
20240222;102211;1569;1;9692001055;B
20240222;102217;1568.4;2;9692002558;S
20240222;102225;1569;2;9692004921;B
20240222;102226;1569;4;9692004970;B
20240222;102227;1569;1;9692005670;B
20240222;102228;1569;10;9692006039;B
20240222;102228;1569;2;9692006040;B
20240222;102228;1569;8;9692006041;B
20240222;102229;1568.8;2;9692006356;B
20240222;102230;1568.8;1;9692006406;B
20240222;102231;1568.8;1;9692006731;B
20240222;102231;1568.8;2;9692006732;B
20240222;102231;1569;14;9692006733;B
20240222;102233;1568.4;2;9692007059;S
20240222;102234;1568.8;1;9692007099;B
20240222;102234;1568.8;1;9692007129;B
20240222;102237;1568.8;2;9692007817;B
20240222;102237;1568.8;2;9692007818;B
20240222;102237;1569;1;9692007819;B
20240222;102239;1568.8;2;9692007976;B
20240222;102239;1568.8;1;9692007977;B
20240222;102240;1568.8;1;9692008762;B
20240222;102248;1568.8;1;9692010885;B
20240222;102248;1568.8;1;9692010886;B
20240222;102248;1568.8;2;9692010887;B
20240222;102250;1568.8;2;9692011341;B
20240222;102250;1568.8;2;9692011342;B
20240222;102250;1569;3;9692011343;B
20240222;102250;1568.8;2;9692011366;B
20240222;102250;1568.8;1;9692011367;B
20240222;102251;1568.8;1;9692011376;B
20240222;102257;1568.8;1;9692013452;B
20240222;102257;1569;23;9692013453;B
20240222;102257;1569;1;9692013454;B
20240222;102257;1569;6;9692013455;B
20240222;102257;1569;7;9692013456;B
20240222;102257;1569;4;9692013457;B
20240222;102257;1569.4;2;9692013458;B
20240222;102257;1569.4;60;9692013459;B
20240222;102257;1570;10;9692013460;B
20240222;102257;1570;13;9692013461;B
20240222;102257;1570;2;9692013462;B
20240222;102257;1570;4;9692013463;B
20240222;102257;1570.2;36;9692013464;B
20240222;102257;1570.4;81;9692013465;B
20240222;102257;1569.4;2;9692013468;S
20240222;102257;1569.4;2;9692013479;S
20240222;102257;1569.4;2;9692013488;S
20240222;102257;1569.4;2;9692013498;S
20240222;102257;1569.6;1;9692013513;S
20240222;102257;1569.4;2;9692013531;S
20240222;102257;1569.4;1;9692013532;S
20240222;102259;1570.4;1;9692014033;B
20240222;102303;1570.2;1;9692015149;B
20240222;102309;1569.6;5;9692017303;S
20240222;102312;1569.4;7;9692017696;S
20240222;102312;1570.2;1;9692017794;B
20240222;102314;1570.2;8;9692018089;B
20240222;102326;1570.2;1;9692022193;S
20240222;102327;1570.4;1;9692022340;B
20240222;102327;1570.4;5;9692022341;B
20240222;102327;1570.4;4;9692022342;B
20240222;102327;1570.2;1;9692022358;S
20240222;102327;1570.4;4;9692022396;B
20240222;102332;1570.4;52;9692024339;B
20240222;102332;1570.4;13;9692024340;B
20240222;102332;1570.6;39;9692024341;B
20240222;102336;1570.6;1;9692025167;B
20240222;102337;1570.4;6;9692025241;S
20240222;102337;1570.6;1;9692025265;B
20240222;102337;1570.6;6;9692025269;B
20240222;102340;1570.4;1;9692026749;S
20240222;102341;1570.4;2;9692026837;S
20240222;102342;1570.4;2;9692026956;S
20240222;102346;1570.6;1;9692027641;B
20240222;102346;1570.6;2;9692027657;B
20240222;102348;1570.6;1;9692028525;B
20240222;102348;1570.6;30;9692029211;B
20240222;102350;1570.6;18;9692030015;B
20240222;102350;1570.6;12;9692030016;B
20240222;102351;1570.6;20;9692030086;B
20240222;102354;1570.4;30;9692030718;S
20240222;102356;1570.6;24;9692031163;B
20240222;102358;1570.6;1;9692031920;B
20240222;102404;1570.4;9;9692033197;S
20240222;102404;1570.4;1;9692033198;S
20240222;102404;1570.4;2;9692033199;S
20240222;102404;1570.4;1;9692033200;S
20240222;102404;1570.2;3;9692033201;S
20240222;102404;1570;3;9692033202;S
20240222;102404;1570;3;9692033203;S
20240222;102404;1570;1;9692033204;S
20240222;102407;1570.2;2;9692034281;B
20240222;102408;1570.4;2;9692035043;B
20240222;102409;1570.2;9;9692035332;B
20240222;102412;1570.2;1;9692035849;B
20240222;102412;1570.4;1;9692035916;B
20240222;102413;1570.4;1;9692036513;B
20240222;102413;1570;4;9692036539;S
20240222;102413;1570;1;9692036540;S
20240222;102416;1569.8;1;9692036752;B
20240222;102420;1569.8;1;9692038091;S
20240222;102420;1569.4;3;9692038092;S
20240222;102420;1569.2;4;9692038093;S
20240222;102420;1569.2;12;9692038094;S
20240222;102420;1569;10;9692038095;S
20240222;102420;1569;32;9692038096;S
20240222;102420;1568.8;4;9692038097;S
20240222;102420;1568.8;5;9692038098;S
20240222;102420;1568.6;3;9692038099;S
20240222;102420;1568.4;1;9692038100;S
20240222;102420;1568.4;25;9692038101;S
20240222;102428;1569.2;1;9692040516;B
20240222;102428;1569.4;10;9692040517;B
20240222;102428;1569.4;60;9692040518;B
20240222;102428;1569.4;12;9692040519;B
20240222;102428;1569.8;5;9692040520;B
20240222;102428;1570;4;9692040521;B
20240222;102429;1569.8;8;9692040570;B
20240222;102429;1570;86;9692040571;B
20240222;102431;1569.8;1;9692040749;B
20240222;102435;1570;15;9692042315;B
20240222;102435;1570.2;5;9692042316;B
20240222;102437;1570.4;2;9692042556;B
20240222;102437;1570.4;1;9692042557;B
20240222;102445;1570;2;9692044344;B
20240222;102449;1570;1;9692045405;B
20240222;102450;1570;2;9692045584;B
20240222;102451;1570;1;9692045987;B
20240222;102451;1569.8;1;9692046055;S
20240222;102451;1569.8;1;9692047154;B
20240222;102453;1569.8;2;9692047374;B
20240222;102453;1569.8;1;9692047409;B
20240222;102457;1569.8;1;9692047938;B
20240222;102500;1569.8;1;9692048667;B
20240222;102504;1569;10;9692049682;S
20240222;102504;1569;19;9692049683;S
20240222;102506;1569.6;1;9692049982;B
20240222;102510;1569.8;10;9692050501;B
20240222;102511;1569.8;1;9692050552;B
20240222;102514;1569.8;1;9692052784;B
20240222;102516;1569.8;71;9692052904;B
20240222;102516;1569.8;3;9692052905;B
20240222;102516;1570;44;9692052906;B
20240222;102516;1570;9;9692052907;B
20240222;102516;1570;420;9692052908;B
20240222;102516;1570;11;9692052909;B
20240222;102516;1570.2;60;9692052910;B
20240222;102516;1570.2;60;9692052911;B
20240222;102516;1570.4;3;9692052912;B
20240222;102516;1570.6;3;9692052913;B
20240222;102516;1570.6;3;9692052914;B
20240222;102516;1570.8;100;9692052915;B
20240222;102516;1570.8;1;9692052916;B
20240222;102516;1570.8;5;9692052917;B
20240222;102516;1570.8;190;9692052918;B
20240222;102516;1571;17;9692052919;B
20240222;102523;1571;100;9692054161;B
20240222;102529;1571;83;9692055026;B
20240222;102529;1571;1000;9692055027;B
20240222;102529;1571;15;9692055028;B
20240222;102529;1571;100;9692055029;B
20240222;102529;1571.2;150;9692055030;B
20240222;102529;1571.2;60;9692055031;B
20240222;102529;1571.2;14;9692055032;B
20240222;102529;1571.4;100;9692055033;B
20240222;102529;1571.6;60;9692055034;B
20240222;102529;1571.8;3;9692055035;B
20240222;102529;1571.8;4;9692055036;B
20240222;102529;1572;200;9692055037;B
20240222;102529;1572;3;9692055038;B
20240222;102529;1572;1;9692055039;B
20240222;102529;1572.4;1;9692055040;B
20240222;102529;1572.6;5;9692055041;B
20240222;102529;1572.6;1;9692055042;B
20240222;102529;1572.6;5;9692055043;B
20240222;102529;1572.8;1;9692055044;B
20240222;102529;1572.8;1;9692055045;B
20240222;102529;1572.8;60;9692055046;B
20240222;102529;1572.8;192;9692055047;B
20240222;102529;1573;300;9692055048;B
20240222;102529;1573;5;9692055049;B
20240222;102529;1573;3;9692055050;B
20240222;102529;1573;1;9692055051;B
20240222;102529;1573;20;9692055052;B
20240222;102529;1573.2;1;9692055053;B
20240222;102529;1573.2;5;9692055054;B
20240222;102529;1573.4;40;9692055055;B
20240222;102529;1573.4;1;9692055056;B
20240222;102529;1573.6;1;9692055057;B
20240222;102529;1573.8;1;9692055058;B
20240222;102529;1573.8;63;9692055059;B
20240222;102529;1572.4;4;9692055076;S
20240222;102529;1573.4;4;9692055107;B
20240222;102529;1573.8;6;9692055108;B
20240222;102530;1573.8;5;9692055191;B
20240222;102532;1573.8;5;9692055469;B
20240222;102532;1573.6;14;9692055539;B
20240222;102532;1573.8;48;9692055540;B
20240222;102532;1573.8;7;9692055541;B
20240222;102533;1572.8;2;9692055615;S
20240222;102542;1573.6;2;9692056698;B
20240222;102542;1573.6;3;9692056699;B
20240222;102543;1573.6;100;9692056746;S
20240222;102545;1573.8;1;9692057020;B
20240222;102545;1573.6;3;9692057097;S
20240222;102546;1573.8;1;9692057182;B
20240222;102547;1573.6;8;9692057271;S
20240222;102548;1573.6;1;9692057336;S
20240222;102549;1573.6;3;9692057470;S
20240222;102549;1573.8;1;9692057479;B
20240222;102551;1573.8;1;9692058064;B
20240222;102552;1573.6;1;9692058316;S
20240222;102553;1573.6;1;9692058583;S
20240222;102553;1573.6;1;9692058589;S
20240222;102556;1573.6;2;9692059021;S
20240222;102556;1573.6;1;9692059041;S
20240222;102557;1573.6;185;9692059251;S
20240222;102559;1573.6;6;9692059412;S
20240222;102559;1573.6;3;9692059436;S
20240222;102600;1573.8;1;9692059492;B
20240222;102600;1573.6;67;9692059577;S
20240222;102600;1573.6;23;9692059586;S
20240222;102602;1573.6;11;9692059794;S
20240222;102604;1573.6;3;9692060056;S
20240222;102605;1573.6;5;9692060092;S
20240222;102605;1573.8;2;9692060104;B
20240222;102606;1573.6;1;9692060249;S
20240222;102607;1573.6;1;9692060333;S
20240222;102609;1573.8;1;9692060651;B
20240222;102609;1573.6;1;9692060696;S
20240222;102609;1573.8;1;9692060714;B
20240222;102610;1573.8;10;9692060771;B
20240222;102610;1573.6;2;9692060855;S
20240222;102612;1573.6;12;9692061147;S
20240222;102614;1573.6;4;9692061532;S
20240222;102615;1573.8;5;9692061764;B
20240222;102617;1573.6;1;9692061933;S
20240222;102617;1573.6;1;9692061968;S
20240222;102618;1573.8;4;9692062060;B
20240222;102618;1573.6;10;9692062078;S
20240222;102619;1573.6;1;9692062160;S
20240222;102621;1573.6;1;9692062440;S
20240222;102622;1573.6;21;9692062529;S
20240222;102623;1573.6;1;9692062739;S
20240222;102624;1573.8;4;9692062858;B
20240222;102624;1573.8;3;9692062859;B
20240222;102624;1573.8;13;9692062860;B
20240222;102625;1573.6;1;9692062951;S
20240222;102625;1573.6;1;9692062956;S
20240222;102626;1573.6;1;9692063031;S
20240222;102626;1573.8;2;9692063038;B
20240222;102626;1573.6;1;9692063043;S
20240222;102626;1573.6;1;9692063056;S
20240222;102627;1573.6;1;9692063289;S
20240222;102628;1573.6;1;9692063317;S
20240222;102628;1573.6;12;9692063555;S
20240222;102628;1573.6;5;9692063556;S
20240222;102628;1573.6;2;9692063557;S
20240222;102630;1573.8;4;9692063851;B
20240222;102630;1573.6;18;9692063860;S
20240222;102630;1573.6;7;9692063861;S
20240222;102630;1573.2;5;9692063862;S
20240222;102630;1572.8;31;9692063863;S
20240222;102630;1572.8;1;9692063864;S
20240222;102630;1572;5;9692063865;S
20240222;102630;1572;1;9692063866;S
20240222;102630;1572;4;9692063867;S
20240222;102630;1572;212;9692063868;S
20240222;102630;1571.8;2;9692063902;S
20240222;102631;1571.4;1;9692064007;B
20240222;102632;1571.4;1;9692064093;B
20240222;102637;1571.2;3;9692064750;B
20240222;102638;1571.2;7;9692064822;B
20240222;102638;1571.2;3;9692064823;B
20240222;102645;1571.2;1;9692065520;B
20240222;102645;1571.2;60;9692065521;B
20240222;102645;1571.2;1;9692065522;B
20240222;102645;1571.2;1;9692065534;B
20240222;102646;1571;1;9692065702;S
20240222;102647;1571.2;3;9692065737;B
20240222;102648;1571.2;1;9692065918;B
20240222;102648;1571.2;4;9692065950;B
20240222;102648;1571.2;10;9692065951;B
20240222;102648;1571.2;6;9692065952;B
20240222;102649;1571;2;9692066109;S
20240222;102649;1570.4;1;9692066110;S
20240222;102653;1571;2;9692066629;B
20240222;102657;1571.2;1;9692067071;B
20240222;102657;1570.2;5;9692067133;S
20240222;102659;1571;1;9692067565;B
20240222;102703;1571;5;9692068202;B
20240222;102704;1571;10;9692068344;B
20240222;102710;1571;1;9692069056;B
20240222;102710;1571;19;9692069088;B
20240222;102712;1570.2;1;9692069299;S
20240222;102714;1570.2;4;9692069606;S
20240222;102714;1570;1;9692069607;S
20240222;102714;1570;4;9692069608;S
20240222;102714;1570;13;9692069609;S
20240222;102715;1570.8;21;9692069624;B
20240222;102715;1570.8;1;9692069625;B
20240222;102716;1570.8;23;9692069780;B
20240222;102721;1570.8;13;9692070310;B
20240222;102728;1570.8;5;9692071468;B
20240222;102733;1570.8;1;9692072390;B
20240222;102738;1570.2;16;9692073194;S
20240222;102738;1570;2;9692073195;S
20240222;102738;1570;2;9692073196;S
20240222;102738;1570;10;9692073197;S
20240222;102738;1570;8;9692073198;S
20240222;102738;1570;30;9692073199;S
20240222;102738;1570;1;9692073200;S
20240222;102738;1570;3;9692073201;S
20240222;102738;1570;15;9692073202;S
20240222;102738;1569.8;3;9692073203;S
20240222;102738;1569.8;1;9692073204;S
20240222;102738;1569.8;60;9692073205;S
20240222;102738;1569.6;49;9692073206;S
20240222;102739;1570.8;2;9692073226;B
20240222;102747;1570.8;1;9692074402;B
20240222;102747;1570.8;9;9692074403;B
20240222;102747;1570.8;2;9692074493;B
20240222;102753;1570.8;3;9692075147;B
20240222;102802;1570.8;7;9692076248;B
20240222;102802;1570.8;6;9692076249;B
20240222;102804;1571;10;9692076473;B
20240222;102808;1570.8;3;9692076859;B
20240222;102808;1571;10;9692076860;B
20240222;102815;1571;15;9692078577;B
20240222;102815;1571;2;9692078578;B
20240222;102815;1571;5;9692078579;B
20240222;102815;1571;5;9692078580;B
20240222;102815;1571;14;9692078581;B
20240222;102815;1571;6;9692078582;B
20240222;102815;1571;55;9692078583;B
20240222;102815;1571;53;9692078584;B
20240222;102817;1571.2;1;9692078960;B
20240222;102825;1571;1;9692079896;B
20240222;102835;1571;6;9692081208;B
20240222;102835;1571.2;4;9692081209;B
20240222;102835;1571.2;1;9692081210;B
20240222;102837;1571.6;2;9692081393;B
20240222;102837;1571.8;5;9692081438;B
20240222;102840;1570.8;3;9692081789;S
20240222;102842;1571.6;1;9692081899;B
20240222;102845;1571.2;64;9692082194;S
20240222;102845;1571.2;76;9692082195;S
20240222;102845;1571.2;116;9692082263;S
20240222;102845;1571.2;64;9692082264;S
20240222;102845;1571;367;9692082265;S
20240222;102848;1571.6;1;9692082524;B
20240222;102849;1571.6;1;9692082625;B
20240222;102852;1571;3;9692082952;S
20240222;102902;1571;10;9692084079;S
20240222;102905;1571;1;9692084448;S
20240222;102917;1571;1;9692085947;S
20240222;102918;1571.6;1;9692086052;B
20240222;102918;1571;5;9692086070;S
20240222;102923;1571.6;1;9692086603;B
20240222;102928;1571.6;3;9692087066;B
20240222;102930;1571.6;2;9692087424;B
20240222;102930;1571.6;14;9692087425;B
20240222;102930;1571.6;1;9692087426;B
20240222;102930;1571.6;1;9692087427;B
20240222;102930;1571.8;60;9692087428;B
20240222;102930;1571.8;12;9692087429;B
20240222;102930;1571;1;9692087455;S
20240222;102931;1571;1;9692087456;S
20240222;102931;1571;1;9692087457;S
20240222;102931;1571;1;9692087458;S
20240222;102931;1571;2;9692087460;S
20240222;102931;1571;1;9692087463;S
20240222;102931;1571;1;9692087464;S
20240222;102931;1571;1;9692087507;S
20240222;102934;1571.6;1;9692087723;S
20240222;102936;1571.6;2;9692087895;S
20240222;102941;1571.8;4;9692088510;B
20240222;102942;1571.8;8;9692088721;B
20240222;102943;1571.8;50;9692088986;B
20240222;102947;1571.8;2;9692089266;B
20240222;102949;1571.8;1;9692089507;B
20240222;102958;1571.6;2;9692090265;S
20240222;102958;1571.6;1;9692090266;S
20240222;103000;1571.4;1;9692090516;B
20240222;103002;1571.6;5;9692090719;B
20240222;103002;1571.6;6;9692090810;B
20240222;103002;1571.6;2;9692090811;B
20240222;103008;1571;300;9692091462;S
20240222;103008;1571;15;9692091533;S
20240222;103010;1571.4;1;9692091656;B
20240222;103010;1571.4;1;9692091674;B
20240222;103010;1571;2;9692091680;S
20240222;103017;1571.4;1;9692092187;B
20240222;103017;1571.4;1;9692092191;B
20240222;103021;1571.4;1;9692092607;B
20240222;103022;1571.4;7;9692092769;B
20240222;103022;1571.4;16;9692092770;B
20240222;103022;1571.4;60;9692092771;B
20240222;103022;1571.6;47;9692092772;B
20240222;103023;1571.6;1;9692092797;B
20240222;103024;1571.6;50;9692092997;B
20240222;103027;1571.6;1;9692093309;B
20240222;103030;1571;1;9692093591;S
20240222;103033;1571.6;4;9692093931;B
20240222;103033;1571.6;60;9692093932;B
20240222;103033;1571.6;16;9692093933;B
20240222;103033;1571.8;20;9692093934;B
20240222;103036;1571;3;9692094200;S
20240222;103042;1571.8;1;9692094821;B
20240222;103042;1571.6;1;9692094822;S
20240222;103045;1571.8;19;9692095047;B
20240222;103047;1571.8;9;9692095237;B
20240222;103049;1571.8;20;9692095488;B
20240222;103054;1571.6;1;9692096181;S
20240222;103056;1571.6;1;9692096395;S
20240222;103058;1571.8;2;9692096570;B
20240222;103059;1571.8;1;9692096876;B
20240222;103102;1571.8;7;9692097197;B
20240222;103103;1571.8;3;9692097268;B
20240222;103103;1571.8;5;9692097278;B
20240222;103104;1571.8;1;9692097335;B
20240222;103105;1571.8;1;9692097453;B
20240222;103108;1571.6;3;9692097734;S
20240222;103109;1571.8;69;9692097833;B
20240222;103109;1571.8;1;9692097841;B
20240222;103111;1571.6;4;9692098025;S
20240222;103111;1571.6;1;9692098026;S
20240222;103112;1571.6;1;9692098255;S
20240222;103113;1571.8;7;9692098321;B
20240222;103113;1571.6;1;9692098339;S
20240222;103115;1571.8;334;9692098683;B
20240222;103115;1571.8;1;9692098684;B
20240222;103115;1571.8;30;9692098685;B
20240222;103115;1571.8;30;9692098686;B
20240222;103115;1572;1605;9692098687;B
20240222;103116;1572;1000;9692098700;B
20240222;103116;1572;50;9692098702;B
20240222;103116;1572;249;9692098726;B
20240222;103116;1572;36;9692098727;B
20240222;103116;1572;2;9692098728;B
20240222;103116;1572;2;9692098729;B
20240222;103116;1572.2;16;9692098730;B
20240222;103116;1572.6;37;9692098731;B
20240222;103116;1572.8;1;9692098732;B
20240222;103116;1572.8;1;9692098733;B
20240222;103116;1573;5;9692098734;B
20240222;103116;1573.2;4;9692098735;B
20240222;103116;1573.6;3;9692098736;B
20240222;103116;1573.8;2;9692098737;B
20240222;103116;1573.8;30;9692098738;B
20240222;103116;1573.8;3;9692098739;B
20240222;103116;1573.8;60;9692098740;B
20240222;103116;1573.8;225;9692098741;B
20240222;103116;1574;200;9692098742;B
20240222;103116;1574;30;9692098743;B
20240222;103116;1574;10;9692098744;B
20240222;103116;1574;84;9692098745;B
20240222;103116;1573.8;1;9692098746;B
20240222;103116;1574;499;9692098747;B
20240222;103116;1573;11;9692098762;S
20240222;103116;1573.8;2;9692099000;B
20240222;103117;1573.8;9;9692099056;B
20240222;103117;1573.8;18;9692099057;B
20240222;103117;1573.8;1;9692099058;B
20240222;103117;1574;317;9692099059;B
20240222;103117;1574;2;9692099060;B
20240222;103117;1574;3;9692099061;B
20240222;103117;1574;2;9692099062;B
20240222;103117;1574;5;9692099063;B
20240222;103117;1574.2;2;9692099064;B
20240222;103117;1574.2;10;9692099065;B
20240222;103117;1574.2;3;9692099066;B
20240222;103117;1574.2;1;9692099067;B
20240222;103117;1574.2;64;9692099068;B
20240222;103117;1574.2;17;9692099069;B
20240222;103117;1574.2;700;9692099070;B
20240222;103117;1574.2;846;9692099071;B
20240222;103120;1574;1;9692099523;B
20240222;103120;1574;3;9692099524;B
20240222;103120;1573.4;1;9692099559;S
20240222;103121;1574.2;1;9692099584;B
20240222;103121;1574.2;1;9692099585;B
20240222;103121;1574.2;3;9692099586;B
20240222;103121;1574.2;18;9692099599;B
20240222;103121;1574.4;82;9692099600;B
20240222;103123;1574;1;9692099765;B
20240222;103123;1574.2;17;9692099766;B
20240222;103123;1574.4;232;9692099767;B
20240222;103124;1574.4;100;9692099881;B
20240222;103127;1574;1;9692100135;S
20240222;103130;1574.2;17;9692100504;B
20240222;103130;1574.4;73;9692100505;B
20240222;103130;1574.4;31;9692100532;B
20240222;103130;1574.4;3;9692100553;B
20240222;103132;1574.4;70;9692100758;B
20240222;103134;1574.2;15;9692100855;B
20240222;103134;1574.4;1;9692100891;B
20240222;103137;1574.2;17;9692101192;B
20240222;103137;1574.4;63;9692101212;B
20240222;103138;1574.4;38;9692101303;B
20240222;103138;1574.4;21;9692101317;B
20240222;103139;1574.4;3;9692101341;B
20240222;103139;1574.4;15;9692101386;B
20240222;103141;1574.4;90;9692101520;B
20240222;103141;1574.4;151;9692101553;B
20240222;103141;1574.4;27;9692101554;B
20240222;103141;1574.4;17;9692101555;B
20240222;103141;1574.4;1;9692101560;S
20240222;103142;1574.6;22;9692101585;B
20240222;103142;1574.4;3;9692101622;S
20240222;103142;1574.4;2;9692101623;S
20240222;103142;1574.2;15;9692101624;S
20240222;103142;1574.6;2;9692101628;B
20240222;103142;1574.6;159;9692101654;B
20240222;103144;1574.6;20;9692101934;B
20240222;103144;1574.6;72;9692102052;B
20240222;103145;1574.6;1;9692102079;B
20240222;103145;1574.6;135;9692102080;B
20240222;103145;1574.6;1;9692102126;B
20240222;103146;1574.6;5;9692102296;B
20240222;103148;1574.6;2;9692102509;B
20240222;103149;1574.6;35;9692102629;B
20240222;103149;1574.6;1;9692102687;B
20240222;103149;1574.6;3;9692102738;B
20240222;103149;1574.6;37;9692102761;B
20240222;103150;1574.6;90;9692102836;B
20240222;103150;1574.6;180;9692102838;B
20240222;103151;1574.6;100;9692103062;B
20240222;103153;1574.6;70;9692103222;B
20240222;103154;1574.6;65;9692103316;B
20240222;103154;1574.6;10;9692103317;B
20240222;103155;1574.6;2;9692103351;B
20240222;103155;1574.6;2;9692103435;B
20240222;103156;1574.6;6;9692103481;B
20240222;103156;1574.6;1;9692103482;B
20240222;103156;1574.6;1;9692103483;B
20240222;103156;1574.8;1;9692103489;B
20240222;103156;1574.8;3;9692103490;B
20240222;103156;1574.8;1;9692103491;B
20240222;103156;1575;2;9692103492;B
20240222;103156;1575;2;9692103493;B
20240222;103156;1575;56;9692103494;B
20240222;103158;1574.6;2;9692103802;S
20240222;103158;1574.8;3;9692103835;B
20240222;103159;1574.8;27;9692103846;B
20240222;103159;1574.8;63;9692103847;B
20240222;103200;1575;59;9692103990;B
20240222;103200;1575;2;9692103991;B
20240222;103200;1575;1;9692103992;B
20240222;103200;1575;5;9692103993;B
20240222;103200;1575;2;9692103994;B
20240222;103200;1575;2;9692103995;B
20240222;103200;1575;1000;9692103996;B
20240222;103200;1575;60;9692103997;B
20240222;103200;1575;10;9692103998;B
20240222;103200;1575;1;9692103999;B
20240222;103200;1575;10;9692104000;B
20240222;103200;1575;548;9692104001;B
20240222;103201;1574.8;5;9692104090;S
20240222;103201;1574.8;5;9692104091;S
20240222;103202;1575;2;9692104351;B
20240222;103203;1575;1;9692104368;B
20240222;103203;1575;181;9692104418;B
20240222;103203;1575;15;9692104419;B
20240222;103203;1575;1;9692104420;B
20240222;103203;1575;1;9692104421;B
20240222;103203;1575;1;9692104422;B
20240222;103203;1575;1;9692104423;B
20240222;103204;1575.2;1;9692104464;B
20240222;103204;1575.2;1;9692104465;B
20240222;103204;1575.2;15;9692104537;B
20240222;103205;1575.2;300;9692104568;B
20240222;103205;1575.2;40;9692104569;B
20240222;103205;1575.2;144;9692104570;B
20240222;103205;1575.4;10;9692104628;B
20240222;103206;1575.4;2;9692104722;B
20240222;103206;1575.4;1;9692104723;B
20240222;103206;1575.6;23;9692104724;B
20240222;103206;1575.8;2;9692104730;B
20240222;103207;1575.8;48;9692104807;B
20240222;103207;1575.8;1;9692104808;B
20240222;103207;1575.8;51;9692104809;B
20240222;103208;1575.8;1;9692104880;B
20240222;103209;1575.6;10;9692105009;S
20240222;103209;1575.6;20;9692105010;S
20240222;103210;1575.8;99;9692105061;B
20240222;103210;1575.8;8;9692105062;B
20240222;103210;1575.8;56;9692105106;B
20240222;103210;1575.8;4;9692105107;B
20240222;103212;1575.8;16;9692105237;B
20240222;103212;1575.8;1;9692105238;B
20240222;103212;1575.8;3;9692105239;B
20240222;103212;1575.8;61;9692105268;B
20240222;103212;1575.8;2;9692105304;S
20240222;103214;1576;1;9692105393;B
20240222;103214;1576;4;9692105429;B
20240222;103214;1576;5;9692105430;B
20240222;103214;1576;1;9692105431;B
20240222;103214;1576;1;9692105432;B
20240222;103214;1576;9;9692105433;B
20240222;103214;1576;6;9692105515;B
20240222;103215;1575.8;1;9692105526;S
20240222;103216;1576;1;9692105688;B
20240222;103217;1576;4;9692105717;B
20240222;103217;1576;10;9692105718;B
20240222;103217;1576;16;9692105719;B
20240222;103217;1576;10;9692105777;B
20240222;103218;1576;5;9692105853;B
20240222;103219;1576;169;9692105858;B
20240222;103219;1576;18;9692105859;B
20240222;103219;1576;5;9692105860;B
20240222;103219;1576;1;9692105861;B
20240222;103219;1576;13;9692105862;B
20240222;103219;1576;9;9692105863;B
20240222;103219;1576;185;9692105864;B
20240222;103220;1576;1;9692106032;B
20240222;103221;1576;12;9692106071;B
20240222;103221;1576;2;9692106207;B
20240222;103221;1576;5;9692106208;B
20240222;103221;1576;1;9692106209;B
20240222;103221;1576;37;9692106210;B
20240222;103221;1576;1;9692106215;B
20240222;103221;1576;26;9692106216;B
20240222;103221;1576;51;9692106217;B
20240222;103221;1576;8;9692106218;B
20240222;103222;1576.2;10;9692106320;B
20240222;103222;1576.2;15;9692106321;B
20240222;103222;1576.2;90;9692106322;B
20240222;103222;1576.2;10;9692106323;B
20240222;103222;1576.2;65;9692106324;B
20240222;103222;1576.2;70;9692106350;B
20240222;103222;1576.2;110;9692106351;B
20240222;103222;1576;1;9692106432;S
20240222;103222;1576.2;5;9692106441;B
20240222;103223;1576.2;1;9692106464;B
20240222;103223;1576;10;9692106508;S
20240222;103223;1576.2;10;9692106509;B
20240222;103224;1576;3;9692106605;S
20240222;103226;1576.2;1;9692106766;B
20240222;103226;1576.2;20;9692106772;B
20240222;103227;1576.2;11;9692106823;B
20240222;103228;1576.2;14;9692106973;B
20240222;103229;1576;8;9692107141;S
20240222;103230;1576.2;46;9692107287;B
20240222;103230;1576.2;32;9692107347;B
20240222;103230;1576.2;13;9692107348;B
20240222;103230;1576.2;2;9692107419;B
20240222;103230;1576.2;7;9692107420;B
20240222;103230;1576.2;19;9692107462;B
20240222;103230;1576.4;37;9692107463;B
20240222;103230;1576.2;7;9692107465;S
20240222;103230;1576.4;5;9692107489;B
20240222;103230;1576.4;90;9692107558;B
20240222;103231;1576.4;31;9692107708;B
20240222;103231;1576.4;16;9692107714;B
20240222;103231;1576.4;9;9692107715;B
20240222;103232;1576.4;1;9692107752;B
20240222;103232;1576.4;1;9692107753;B
20240222;103232;1576.4;5;9692107800;B
20240222;103232;1576.4;4;9692107831;B
20240222;103232;1576.4;1;9692107832;B
20240222;103234;1576.4;1;9692108021;B
20240222;103234;1576.4;2;9692108022;B
20240222;103234;1576.6;1;9692108023;B
20240222;103234;1576.6;3;9692108024;B
20240222;103234;1576.8;24;9692108025;B
20240222;103234;1576.8;1;9692108026;B
20240222;103234;1576.8;64;9692108027;B
20240222;103234;1576.8;3;9692108028;B
20240222;103234;1576.8;2;9692108029;B
20240222;103234;1577;2;9692108030;B
20240222;103234;1577;13;9692108031;B
20240222;103234;1577;1;9692108032;B
20240222;103234;1577;1;9692108033;B
20240222;103234;1577;18;9692108034;B
20240222;103234;1577;2;9692108035;B
20240222;103234;1577;1;9692108036;B
20240222;103234;1577;5;9692108037;B
20240222;103234;1577;5;9692108038;B
20240222;103234;1577;1;9692108039;B
20240222;103234;1577;2;9692108040;B
20240222;103234;1577;1;9692108041;B
20240222;103234;1577;5;9692108042;B
20240222;103234;1577;50;9692108043;B
20240222;103234;1577;23;9692108044;B
20240222;103234;1577;12;9692108045;B
20240222;103234;1577.2;1;9692108046;B
20240222;103234;1577.2;25;9692108047;B
20240222;103234;1577.2;1;9692108048;B
20240222;103234;1577.2;1;9692108049;B
20240222;103234;1577.2;8;9692108050;B
20240222;103234;1577.2;50;9692108051;B
20240222;103234;1577.2;250;9692108052;B
20240222;103234;1577.2;17;9692108053;B
20240222;103234;1577.4;300;9692108054;B
20240222;103234;1577.6;1;9692108055;B
20240222;103234;1577.6;103;9692108056;B
20240222;103234;1577.4;5;9692108057;B
20240222;103234;1577.4;59;9692108064;B
20240222;103234;1577.6;12;9692108065;B
20240222;103234;1577.4;7;9692108066;B
20240222;103234;1577.4;30;9692108072;B
20240222;103235;1577.2;24;9692108096;S
20240222;103235;1577.4;15;9692108098;B
20240222;103235;1577.2;1;9692108099;S
20240222;103235;1576.6;21;9692108126;S
20240222;103235;1577.2;7;9692108133;B
20240222;103235;1577.4;49;9692108134;B
20240222;103235;1577.4;44;9692108135;B
20240222;103235;1577;9;9692108164;B
20240222;103235;1577.4;11;9692108165;B
20240222;103235;1577.4;12;9692108249;B
20240222;103236;1577;80;9692108266;S
20240222;103236;1577.4;37;9692108271;B
20240222;103236;1577.4;27;9692108274;B
20240222;103236;1577.4;19;9692108275;B
20240222;103236;1577;90;9692108390;S
20240222;103236;1577;1;9692108391;S
20240222;103236;1577;1;9692108392;S
20240222;103236;1577;1;9692108393;S
20240222;103236;1576.8;7;9692108394;S
20240222;103237;1576.8;29;9692108408;S
20240222;103237;1576.8;1;9692108439;B
20240222;103238;1576.8;1;9692108643;B
20240222;103239;1576.8;78;9692108749;B
20240222;103239;1576.8;6;9692108869;B
20240222;103240;1576.8;35;9692108908;B
20240222;103240;1577.4;1;9692108909;B
20240222;103240;1577.4;34;9692108910;B
20240222;103240;1576.6;121;9692108916;S
20240222;103240;1576.6;10;9692108957;S
20240222;103242;1577.4;150;9692109416;B
20240222;103242;1577.4;16;9692109431;B
20240222;103242;1577.4;192;9692109432;B
20240222;103242;1577.6;385;9692109433;B
20240222;103242;1577.6;6;9692109434;B
20240222;103242;1577.8;1;9692109435;B
20240222;103242;1577.8;36;9692109441;B
20240222;103243;1577.6;10;9692109576;B
20240222;103243;1577.8;3;9692109775;B
20240222;103243;1577.8;25;9692109796;B
20240222;103245;1577.8;5;9692109994;B
20240222;103245;1577.8;20;9692109998;B
20240222;103245;1577.8;27;9692110001;B
20240222;103246;1577.8;8;9692110153;B
20240222;103246;1577.8;1;9692110237;B
20240222;103247;1577.8;1;9692110331;B
20240222;103248;1577.8;1;9692110447;B
20240222;103249;1577.8;1;9692110558;B
20240222;103249;1578;2;9692110559;B
20240222;103249;1578;1;9692110560;B
20240222;103249;1578;5;9692110561;B
20240222;103249;1578;20;9692110562;B
20240222;103250;1578;15;9692110605;B
20240222;103250;1578;10;9692110606;B
20240222;103250;1578;1;9692110607;B
20240222;103250;1578;1;9692110608;B
20240222;103250;1578;2;9692110609;B
20240222;103250;1578;4;9692110610;B
20240222;103251;1578;1;9692110803;B
20240222;103252;1577.8;10;9692111053;S
20240222;103254;1578;1;9692111252;B
20240222;103256;1578;3;9692111437;B
20240222;103257;1577.8;1;9692111617;S
20240222;103257;1578;5;9692111651;B
20240222;103258;1578;1;9692111792;B
20240222;103258;1578;1;9692111834;B
20240222;103259;1577.8;20;9692111860;S
20240222;103300;1578;49;9692111955;B
20240222;103300;1578;1;9692111968;B
20240222;103300;1577.8;4;9692111969;S
20240222;103300;1577.6;23;9692111986;S
20240222;103301;1577.8;1;9692112155;B
20240222;103301;1577.8;2;9692112166;B
20240222;103302;1577.8;39;9692112288;B
20240222;103302;1577.8;1;9692112289;B
20240222;103302;1578;1;9692112305;B
20240222;103303;1578;4;9692112367;B
20240222;103303;1578;64;9692112440;B
20240222;103304;1577.8;5;9692112550;S
20240222;103304;1577.8;25;9692112559;S
20240222;103304;1577.6;4;9692112560;S
20240222;103305;1577.6;1;9692112597;S
20240222;103306;1577.6;2;9692112805;S
20240222;103309;1577.4;3;9692113123;S
20240222;103310;1577.8;26;9692113177;B
20240222;103311;1577.8;50;9692113246;B
20240222;103312;1577.8;174;9692113417;B
20240222;103312;1577.8;58;9692113418;B
20240222;103312;1578;63;9692113419;B
20240222;103314;1578;2;9692113561;B
20240222;103314;1578;1;9692113562;B
20240222;103314;1578;200;9692113563;B
20240222;103314;1578;1000;9692113564;B
20240222;103314;1578;2;9692113565;B
20240222;103314;1578;25;9692113566;B
20240222;103314;1578;1;9692113567;B
20240222;103314;1578;10;9692113568;B
20240222;103314;1578;35;9692113569;B
20240222;103314;1578;500;9692113570;B
20240222;103314;1578;10;9692113571;B
20240222;103314;1578.2;24;9692113572;B
20240222;103314;1578.4;1;9692113573;B
20240222;103314;1578.4;2;9692113574;B
20240222;103314;1578.4;100;9692113575;B
20240222;103314;1578.6;1;9692113576;B
20240222;103314;1578.6;30;9692113577;B
20240222;103314;1578.8;3;9692113578;B
20240222;103314;1578.8;10;9692113579;B
20240222;103314;1578.8;43;9692113580;B
20240222;103316;1578.8;1;9692113831;B
20240222;103316;1578;10;9692113866;S
20240222;103318;1577.8;1;9692114162;S
20240222;103318;1577.8;9;9692114163;S
20240222;103319;1578.4;10;9692114201;B
20240222;103319;1578.6;1;9692114202;B
20240222;103319;1578.6;39;9692114203;B
20240222;103319;1578;1;9692114241;S
20240222;103322;1578.8;6;9692114444;B
20240222;103322;1578.8;6;9692114445;B
20240222;103322;1578.8;38;9692114446;B
20240222;103322;1578.6;1;9692114500;B
20240222;103322;1578.6;5;9692114501;B
20240222;103322;1578;1;9692114531;S
20240222;103323;1578.6;24;9692114578;B
20240222;103323;1578.8;62;9692114579;B
20240222;103323;1578.8;1;9692114580;B
20240222;103323;1578.8;56;9692114581;B
20240222;103323;1578.6;1;9692114631;B
20240222;103323;1578.8;9;9692114632;B
20240222;103324;1579;2;9692114773;B
20240222;103324;1579;6;9692114774;B
20240222;103324;1579;1;9692114775;B
20240222;103324;1579;100;9692114776;B
20240222;103324;1579;1;9692114777;B
20240222;103324;1579;2;9692114778;B
20240222;103324;1579;3;9692114779;B
20240222;103324;1579;3;9692114780;B
20240222;103324;1579;20;9692114781;B
20240222;103324;1579;1;9692114782;B
20240222;103324;1579;25;9692114783;B
20240222;103324;1579;10;9692114784;B
20240222;103324;1579;1;9692114785;B
20240222;103324;1579;455;9692114786;B
20240222;103324;1578.2;1;9692114789;S
20240222;103325;1578.4;3;9692114840;B
20240222;103325;1579;1;9692114841;B
20240222;103325;1579;200;9692114882;B
20240222;103327;1578.2;1;9692115143;S
20240222;103328;1578.8;1;9692115197;B
20240222;103328;1578.8;1;9692115198;B
20240222;103328;1579;21;9692115199;B
20240222;103328;1579;8;9692115207;B
20240222;103329;1578.6;4;9692115291;S
20240222;103329;1579;30;9692115301;B
20240222;103331;1579;230;9692115500;B
20240222;103331;1578.8;1;9692115502;S
20240222;103332;1578.6;10;9692115558;S
20240222;103332;1578.8;1;9692115606;B
20240222;103332;1579;1;9692115607;B
20240222;103333;1579;54;9692115702;B
20240222;103333;1579;30;9692115703;B
20240222;103333;1579;1;9692115704;B
20240222;103333;1579;1;9692115705;B
20240222;103333;1579;10;9692115706;B
20240222;103333;1579.2;1;9692115707;B
20240222;103333;1579.2;20;9692115708;B
20240222;103333;1579.2;5;9692115709;B
20240222;103333;1579.2;10;9692115710;B
20240222;103333;1579.2;168;9692115711;B
20240222;103334;1579.2;32;9692115830;B
20240222;103335;1579;1;9692115870;S
20240222;103336;1579;5;9692115972;S
20240222;103337;1579.2;30;9692116081;B
20240222;103337;1579;5;9692116131;S
20240222;103339;1579.2;20;9692116330;B
20240222;103339;1579.2;15;9692116331;B
20240222;103340;1579;25;9692116340;S
20240222;103341;1579.2;1;9692116499;S
20240222;103341;1579.4;4;9692116559;B
20240222;103341;1579.4;4;9692116560;B
20240222;103341;1579.4;9;9692116561;B
20240222;103343;1579.2;2;9692116694;S
20240222;103343;1579.2;3;9692116695;S
20240222;103343;1579;3;9692116696;S
20240222;103343;1579;10;9692116697;S
20240222;103343;1579;2;9692116698;S
20240222;103343;1579;1;9692116699;S
20240222;103343;1579;30;9692116782;B
20240222;103344;1579;2;9692116806;B
20240222;103344;1579;90;9692116808;B
20240222;103345;1579;3;9692117012;B
20240222;103348;1579;1;9692117347;B
20240222;103351;1579;6;9692117544;B
20240222;103352;1578.8;20;9692117633;S
20240222;103352;1578.8;100;9692117668;S
20240222;103352;1578.8;3;9692117669;S
20240222;103352;1578.8;200;9692117670;S
20240222;103352;1578.8;10;9692117671;S
20240222;103352;1578.6;36;9692117672;S
20240222;103352;1578.6;26;9692117673;S
20240222;103355;1578.6;8;9692117900;B
20240222;103356;1578.6;10;9692118064;B
20240222;103401;1578.6;7;9692118499;B
20240222;103401;1578.6;192;9692118500;B
20240222;103401;1578.6;5;9692118501;B
20240222;103401;1578.6;219;9692118502;B
20240222;103401;1578.8;77;9692118503;B
20240222;103406;1578.8;1;9692119219;B
20240222;103408;1578.2;1;9692119786;S
20240222;103408;1578;8;9692119787;S
20240222;103408;1578;1;9692119788;S
20240222;103408;1578;2;9692119789;S
20240222;103408;1578;92;9692119790;S
20240222;103408;1577.8;96;9692119791;S
20240222;103410;1578.6;25;9692120037;B
20240222;103410;1578.6;65;9692120038;B
20240222;103412;1578.4;1;9692120279;B
20240222;103413;1578;5;9692120368;S
20240222;103415;1578.2;5;9692120656;B
20240222;103415;1578.4;20;9692120698;B
20240222;103416;1578;1;9692120773;S
20240222;103417;1578;22;9692120889;S
20240222;103417;1578;1;9692120933;S
20240222;103417;1578.4;1;9692120938;B
20240222;103419;1578;20;9692121136;S
20240222;103419;1578.4;23;9692121172;B
20240222;103419;1578.4;14;9692121178;B
20240222;103422;1578.2;1;9692121450;B
20240222;103422;1578.4;10;9692121451;B
20240222;103424;1578.4;4;9692121660;B
20240222;103424;1578;1;9692121716;S
20240222;103424;1577.8;3;9692121717;S
20240222;103426;1578.4;120;9692121949;B
20240222;103426;1578.4;1;9692121950;B
20240222;103426;1578.4;22;9692121951;B
20240222;103426;1578.6;1;9692121952;B
20240222;103426;1578.6;6;9692121953;B
20240222;103426;1578.2;5;9692121962;S
20240222;103426;1578.4;1;9692121987;B
20240222;103426;1578.4;1;9692122022;B
20240222;103427;1578.4;18;9692122107;B
20240222;103430;1578.2;1;9692122629;S
20240222;103431;1578.4;2;9692122737;B
20240222;103431;1578.4;30;9692122766;B
20240222;103431;1578.4;10;9692122774;B
20240222;103433;1578.2;1;9692122958;S
20240222;103433;1578.2;25;9692122992;S
20240222;103434;1578.4;25;9692123027;B
20240222;103434;1578.2;1;9692123064;S
20240222;103434;1578.2;80;9692123065;S
20240222;103434;1578;17;9692123066;S
20240222;103434;1577.8;22;9692123067;S
20240222;103434;1577.8;1;9692123068;S
20240222;103434;1577.6;1;9692123069;S
20240222;103434;1577.4;25;9692123070;S
20240222;103434;1577.4;52;9692123071;S
20240222;103434;1577.4;100;9692123080;S
20240222;103435;1578.2;3;9692123111;B
20240222;103435;1578.2;9;9692123112;B
20240222;103435;1578.2;6;9692123238;B
20240222;103439;1578.2;1;9692123678;B
20240222;103440;1578.2;21;9692123706;B
20240222;103440;1578.2;21;9692123707;B
20240222;103440;1578.4;53;9692123708;B
20240222;103442;1578.2;9;9692123931;B
20240222;103442;1578.2;5;9692123938;B
20240222;103443;1578.2;1;9692123994;B
20240222;103443;1578;2;9692124027;S
20240222;103443;1578;1;9692124028;S
20240222;103444;1578.2;1;9692124066;B
20240222;103445;1578.2;50;9692124158;B
20240222;103446;1578.2;64;9692124292;B
20240222;103447;1578;10;9692124307;S
20240222;103447;1578.2;1;9692124334;B
20240222;103447;1578.2;39;9692124335;B
20240222;103448;1578;2;9692124424;B
20240222;103448;1578;1;9692124427;B
20240222;103448;1578.4;3;9692124428;B
20240222;103448;1578.4;3;9692124429;B
20240222;103448;1578.4;93;9692124430;B
20240222;103449;1577.6;64;9692124511;S
20240222;103449;1577.6;23;9692124512;S
20240222;103449;1577.4;13;9692124513;S
20240222;103450;1577.6;21;9692124619;S
20240222;103450;1577.6;64;9692124620;S
20240222;103450;1577.6;1;9692124621;S
20240222;103450;1577.4;10;9692124657;B
20240222;103452;1577.4;10;9692124750;B
20240222;103452;1577.4;45;9692124787;B
20240222;103452;1577.4;127;9692124788;B
20240222;103452;1577.6;93;9692124789;B
20240222;103452;1577.6;27;9692124836;B
20240222;103452;1577.6;42;9692124844;B
20240222;103453;1577.6;5;9692124884;B
20240222;103453;1577.6;90;9692124944;B
20240222;103454;1577.6;90;9692125033;B
20240222;103455;1577.6;1;9692125099;B
20240222;103458;1577.6;25;9692125374;B
20240222;103458;1577.6;82;9692125389;B
20240222;103459;1577;10;9692125464;S
20240222;103459;1577;168;9692125465;B
20240222;103459;1577;22;9692125466;B
20240222;103459;1577.6;14;9692125467;B
20240222;103459;1577.6;55;9692125474;B
20240222;103459;1577.6;3;9692125476;B
20240222;103459;1577.6;100;9692125497;B
20240222;103459;1577.6;15;9692125498;B
20240222;103500;1577.6;90;9692125551;B
20240222;103500;1577.6;100;9692125582;B
20240222;103501;1577.6;300;9692125654;B
20240222;103501;1577.6;18;9692125704;B
20240222;103502;1577.6;23;9692126059;B
20240222;103502;1577.6;90;9692126064;B
20240222;103502;1577.6;1;9692126075;B
20240222;103502;1577.6;20;9692126092;B
20240222;103502;1577.6;23;9692126097;B
20240222;103503;1577.6;40;9692126175;B
20240222;103503;1577.2;3;9692126182;S
20240222;103503;1577.6;67;9692126184;B
20240222;103503;1578.2;76;9692126189;B
20240222;103503;1578.2;20;9692126220;B
20240222;103503;1578;23;9692126243;B
20240222;103503;1578.2;17;9692126244;B
20240222;103504;1578.2;8;9692126251;B
20240222;103504;1578.2;22;9692126279;B
20240222;103504;1578.2;3;9692126313;B
20240222;103505;1578.2;45;9692126364;B
20240222;103505;1578.2;45;9692126405;B
20240222;103505;1578.2;1;9692126406;B
20240222;103506;1577.4;1;9692126441;S
20240222;103506;1578.2;90;9692126447;B
20240222;103507;1578;22;9692126517;B
20240222;103508;1577.4;24;9692126668;S
20240222;103508;1577.4;11;9692126669;S
20240222;103509;1577;1;9692126802;S
20240222;103509;1577.8;9;9692126816;B
20240222;103509;1577;1;9692126834;S
20240222;103510;1577.8;16;9692126863;B
20240222;103510;1578;28;9692126864;B
20240222;103510;1578;6;9692126865;B
20240222;103511;1577.6;10;9692126995;B
20240222;103511;1577.8;5;9692126996;B
20240222;103511;1578;2;9692126997;B
20240222;103512;1578;7;9692127049;B
20240222;103513;1578;5;9692127116;B
