<DATE>;<TIME>;<LAST>;<VOL>;<ID>;<OPER>
20240220;095954;1600.8;2;9654081182;S
20240220;095954;1600.8;20;9654081183;S
20240220;095954;1600.8;1;9654081184;S
20240220;095954;1600.8;3;9654081185;B
20240220;095954;1600.8;1;9654081186;B
20240220;095954;1600.8;23;9654081187;B
20240220;095954;1600.8;1;9654081188;B
20240220;095954;1600.8;1;9654081189;B
20240220;095954;1600.8;6;9654081190;B
20240220;095954;1600.8;3;9654081191;B
20240220;095954;1600.8;1;9654081192;B
20240220;095954;1600.8;4;9654081193;B
20240220;095954;1600.8;10;9654081194;B
20240220;095954;1600.8;1;9654081195;B
20240220;095954;1600.8;1;9654081196;B
20240220;095954;1600.8;1;9654081197;B
20240220;095954;1600.8;14;9654081198;S
20240220;095954;1600.8;8;9654081199;S
20240220;095954;1600.8;2;9654081200;S
20240220;095954;1600.8;1;9654081201;S
20240220;095954;1600.8;1;9654081202;S
20240220;095954;1600.8;1;9654081203;S
20240220;095954;1600.8;3;9654081204;S
20240220;095954;1600.8;1;9654081205;S
20240220;095954;1600.8;3;9654081206;S
20240220;095954;1600.8;3;9654081207;S
20240220;095954;1600.8;1;9654081208;S
20240220;095954;1600.8;17;9654081209;S
20240220;095954;1600.8;1;9654081210;S
20240220;095954;1600.8;20;9654081211;S
20240220;095954;1600.8;1;9654081212;S
20240220;095954;1600.8;1;9654081213;S
20240220;095954;1600.8;1;9654081214;S
20240220;095954;1600.8;1;9654081215;B
20240220;095954;1600.8;1;9654081216;S
20240220;095954;1600.8;1;9654081217;S
20240220;095954;1600.8;1;9654081218;S
20240220;095954;1600.8;1;9654081219;S
20240220;095954;1600.8;1;9654081220;S
20240220;095954;1600.8;15;9654081221;S
20240220;095954;1600.8;2;9654081222;S
20240220;095954;1600.8;8;9654081223;S
20240220;095954;1600.8;1;9654081224;B
20240220;095954;1600.8;1;9654081225;B
20240220;095954;1600.8;2;9654081226;S
20240220;095954;1600.8;1;9654081227;S
20240220;095954;1600.8;1;9654081228;S
20240220;095954;1600.8;1;9654081229;S
20240220;095954;1600.8;1;9654081230;S
20240220;095954;1600.8;1;9654081231;S
20240220;095954;1600.8;1;9654081232;S
20240220;095954;1600.8;2;9654081233;S
20240220;095954;1600.8;1;9654081234;S
20240220;095954;1600.8;1;9654081235;B
20240220;095954;1600.8;20;9654081236;B
20240220;095954;1600.8;1;9654081237;B
20240220;095954;1600.8;2;9654081238;B
20240220;095954;1600.8;3;9654081239;B
20240220;095954;1600.8;1;9654081240;B
20240220;095954;1600.8;1;9654081241;B
20240220;095954;1600.8;1;9654081242;B
20240220;095954;1600.8;3;9654081243;B
20240220;095954;1600.8;3;9654081244;B
20240220;095954;1600.8;4;9654081245;B
20240220;095954;1600.8;1;9654081246;B
20240220;095954;1600.8;2;9654081247;B
20240220;095954;1600.8;1;9654081248;B
20240220;095954;1600.8;10;9654081249;B
20240220;095954;1600.8;1;9654081250;B
20240220;095954;1600.8;2;9654081251;B
20240220;095954;1600.8;2;9654081252;B
20240220;095954;1600.8;1;9654081253;B
20240220;095954;1600.8;1;9654081254;B
20240220;095954;1600.8;5;9654081255;B
20240220;095954;1600.8;1;9654081256;B
20240220;095954;1600.8;1;9654081257;B
20240220;095954;1600.8;1;9654081258;B
20240220;095954;1600.8;1;9654081259;B
20240220;095954;1600.8;1;9654081260;B
20240220;095954;1600.8;1;9654081261;B
20240220;095954;1600.8;8;9654081262;B
20240220;100002;1602;2;9654085849;B
20240220;100002;1602.6;1;9654085850;B
20240220;100002;1602.8;3;9654085851;B
20240220;100002;1602.8;32;9654085878;B
20240220;100002;1603;1;9654085879;B
20240220;100002;1603.8;4;9654085923;B
20240220;100004;1603.6;2;9654087331;B
20240220;100004;1603.4;1;9654087827;B
20240220;100004;1603.6;12;9654087848;B
20240220;100004;1603.6;5;9654087872;B
20240220;100005;1602;6;9654088270;S
20240220;100005;1602;7;9654088646;S
20240220;100005;1603.6;1;9654088652;B
20240220;100005;1603.6;1;9654088656;B
20240220;100005;1603.6;1;9654088660;B
20240220;100005;1603.6;13;9654089011;B
20240220;100005;1602;1;9654089598;S
20240220;100005;1602;1;9654089599;S
20240220;100005;1603.6;1;9654089720;B
20240220;100005;1603.6;1;9654089908;B
20240220;100006;1603.6;1;9654089955;B
20240220;100006;1603.6;1;9654090140;B
20240220;100006;1601.2;4;9654090142;S
20240220;100006;1601.2;1;9654090264;S
20240220;100006;1603.6;1;9654090981;B
20240220;100006;1601.4;2;9654091105;S
20240220;100006;1603.6;3;9654091494;B
20240220;100007;1603.6;3;9654092026;B
20240220;100007;1603.6;1;9654092143;B
20240220;100007;1602;1;9654092246;S
20240220;100007;1603.6;3;9654092386;B
20240220;100008;1603.6;1;9654092645;B
20240220;100008;1603.6;9;9654092789;B
20240220;100010;1603.4;10;9654094199;B
20240220;100010;1603.6;36;9654094200;B
20240220;100010;1601.8;1;9654094491;S
20240220;100010;1601.8;2;9654094492;S
20240220;100010;1603.6;30;9654094595;B
20240220;100010;1603.8;15;9654094596;B
20240220;100010;1603.8;1;9654094663;B
20240220;100010;1602.2;4;9654094675;S
20240220;100010;1603.6;3;9654094747;B
20240220;100011;1602.6;1;9654094936;B
20240220;100011;1602.6;2;9654095186;B
20240220;100011;1602.6;5;9654095456;B
20240220;100011;1603.8;25;9654095457;B
20240220;100012;1601.8;1;9654095924;S
20240220;100014;1602.2;1;9654096992;S
20240220;100014;1603.6;16;9654097166;B
20240220;100014;1603.6;2;9654097167;B
20240220;100014;1603.6;14;9654097168;B
20240220;100015;1603.8;1;9654097368;B
20240220;100015;1602.2;12;9654097569;S
20240220;100016;1601.6;12;9654097714;S
20240220;100017;1603.8;3;9654098182;B
20240220;100017;1603.8;2;9654098294;B
20240220;100018;1603.8;9;9654098605;B
20240220;100020;1603.8;3;9654099253;B
20240220;100022;1602.2;1;9654100139;S
20240220;100024;1602.2;38;9654101600;S
20240220;100026;1603.8;5;9654102202;B
20240220;100026;1602.6;96;9654102203;S
20240220;100026;1602.2;137;9654102204;S
20240220;100026;1601.6;1;9654102205;S
20240220;100026;1601.2;50;9654102206;S
20240220;100026;1600.8;1;9654102207;S
20240220;100026;1600.8;5;9654102208;S
20240220;100026;1600.8;1;9654102209;S
20240220;100026;1600.6;214;9654102210;S
20240220;100026;1600.4;12;9654102211;S
20240220;100026;1600.4;20;9654102212;S
20240220;100026;1600.4;3;9654102213;S
20240220;100026;1600.4;63;9654102214;S
20240220;100026;1600.4;188;9654102215;S
20240220;100026;1600.4;161;9654102216;S
20240220;100026;1600.2;3;9654102217;S
20240220;100026;1600.2;50;9654102218;S
20240220;100026;1600.2;141;9654102219;S
20240220;100026;1603.2;43;9654102452;B
20240220;100030;1602.6;1;9654103999;S
20240220;100032;1603.2;2;9654104762;B
20240220;100035;1602.4;77;9654105720;S
20240220;100035;1602.2;137;9654105721;S
20240220;100035;1601.8;2;9654105722;S
20240220;100035;1600.4;43;9654105723;S
20240220;100035;1600.4;27;9654105724;S
20240220;100036;1601.4;2;9654105937;S
20240220;100039;1601.4;4;9654106756;S
20240220;100047;1601.6;1;9654108689;S
20240220;100052;1602.6;4;9654109819;B
20240220;100053;1602.8;1;9654110103;B
20240220;100053;1602.8;9;9654110107;B
20240220;100053;1602.8;20;9654110108;B
20240220;100053;1603;10;9654110109;B
20240220;100053;1603.2;2;9654110272;B
20240220;100053;1603.6;71;9654110273;B
20240220;100055;1603.6;1;9654110818;B
20240220;100056;1603.6;12;9654111214;B
20240220;100056;1603.6;31;9654111240;B
20240220;100057;1603.6;3;9654111546;B
20240220;100101;1603;10;9654112666;S
20240220;100101;1602.6;12;9654112667;S
20240220;100103;1602.4;2;9654113302;S
20240220;100105;1602.4;1;9654113732;S
20240220;100108;1603.4;1;9654114404;B
20240220;100110;1602.4;7;9654114947;S
20240220;100110;1602.4;20;9654114948;S
20240220;100110;1602.2;12;9654114949;S
20240220;100112;1601.2;10;9654115414;B
20240220;100112;1601;1;9654115449;S
20240220;100115;1601.6;4;9654115915;B
20240220;100115;1601.6;6;9654115916;B
20240220;100115;1601.6;11;9654116000;B
20240220;100115;1603.4;11;9654116001;B
20240220;100115;1603.6;9;9654116002;B
20240220;100121;1603.4;1;9654117533;B
20240220;100123;1603.6;1;9654117888;B
20240220;100125;1603.4;1;9654118229;B
20240220;100125;1602.2;2;9654118314;S
20240220;100127;1602.2;8;9654118579;S
20240220;100138;1602.8;1;9654120771;B
20240220;100141;1602.8;1;9654121259;B
20240220;100141;1603;61;9654121260;B
20240220;100141;1603;1;9654121306;B
20240220;100143;1602;2;9654121827;S
20240220;100143;1602;1;9654121828;S
20240220;100143;1601.6;2;9654121829;S
20240220;100153;1602.2;1;9654124014;S
20240220;100153;1602.4;2;9654124032;B
20240220;100156;1602.4;1;9654124454;S
20240220;100157;1602.2;1;9654124952;S
20240220;100157;1601.8;4;9654124953;S
20240220;100204;1602.8;3;9654126257;B
20240220;100207;1602;1;9654127148;S
20240220;100207;1601.8;6;9654127149;S
20240220;100207;1601.8;1;9654127150;S
20240220;100212;1601.8;9;9654128165;S
20240220;100212;1601.6;1;9654128166;S
20240220;100212;1601.6;6;9654128167;S
20240220;100219;1601.8;1;9654129748;S
20240220;100219;1601.6;4;9654129826;S
20240220;100219;1601.6;1;9654129827;S
20240220;100219;1601.6;11;9654129828;S
20240220;100221;1601.2;1;9654130371;S
20240220;100221;1601.8;2;9654130392;B
20240220;100221;1602.8;1;9654130393;B
20240220;100223;1602.8;2;9654130631;B
20240220;100229;1602;1;9654131875;B
20240220;100231;1602;1;9654132358;B
20240220;100233;1602;1;9654132834;B
20240220;100233;1601.6;6;9654132843;S
20240220;100233;1601.6;2;9654133006;B
20240220;100234;1601.4;1;9654133116;S
20240220;100234;1601.2;22;9654133117;S
20240220;100234;1601.2;101;9654133118;S
20240220;100235;1601;32;9654133314;S
20240220;100237;1601;32;9654133857;S
20240220;100243;1601.6;2;9654135150;B
20240220;100243;1601.8;2;9654135151;B
20240220;100243;1602;1;9654135152;B
20240220;100244;1601.8;1;9654135440;B
20240220;100251;1601;36;9654136887;S
20240220;100251;1601;2;9654136888;S
20240220;100251;1601;2;9654136889;S
20240220;100251;1600.8;22;9654136890;S
20240220;100251;1600.6;38;9654136891;S
20240220;100253;1601.8;1;9654137727;B
20240220;100256;1601.4;1;9654138233;B
20240220;100302;1600.6;28;9654139846;S
20240220;100302;1600.6;20;9654139847;S
20240220;100302;1600.4;119;9654139848;S
20240220;100302;1600.4;188;9654139849;S
20240220;100302;1600.2;4;9654139863;S
20240220;100303;1600.2;4;9654140004;S
20240220;100304;1600.4;5;9654140385;B
20240220;100304;1600.2;39;9654140449;S
20240220;100304;1600.2;20;9654140450;S
20240220;100304;1600.2;100;9654140451;S
20240220;100304;1600.2;5;9654140452;S
20240220;100304;1600.2;24;9654140453;S
20240220;100304;1600.2;188;9654140454;S
20240220;100304;1600.2;33;9654140455;S
20240220;100304;1600;17;9654140456;S
20240220;100304;1600;200;9654140457;S
20240220;100304;1600;10;9654140458;S
20240220;100304;1600;4;9654140459;S
20240220;100304;1600;28;9654140460;S
20240220;100304;1600;10;9654140461;S
20240220;100304;1600;1;9654140462;S
20240220;100304;1600;10;9654140463;S
20240220;100304;1600;7;9654140464;S
20240220;100304;1600;4;9654140465;S
20240220;100305;1600.2;16;9654140627;S
20240220;100305;1600;1;9654140628;S
20240220;100305;1600;1;9654140629;S
20240220;100305;1600;3;9654140630;S
20240220;100305;1600;2;9654140631;S
20240220;100305;1600;1;9654140632;S
20240220;100305;1600;1;9654140633;S
20240220;100305;1600;1;9654140634;S
20240220;100305;1600;9;9654140635;S
20240220;100305;1600.2;1;9654140662;S
20240220;100305;1600.2;7;9654140667;S
20240220;100305;1600.2;4;9654140668;S
20240220;100305;1600.2;5;9654140669;S
20240220;100306;1600.2;4;9654140816;S
20240220;100306;1600;1;9654140817;S
20240220;100306;1600;1;9654140818;S
20240220;100306;1600;2;9654140819;S
20240220;100306;1600;5;9654140820;S
20240220;100306;1600;28;9654140821;S
20240220;100306;1600;1;9654140822;S
20240220;100306;1600;7;9654140823;S
20240220;100306;1600;1;9654140824;S
20240220;100306;1600;3;9654140825;S
20240220;100306;1600;10;9654140826;S
20240220;100306;1600;10;9654140827;S
20240220;100306;1600;7;9654140828;S
20240220;100306;1600;1;9654140829;S
20240220;100306;1600;3;9654140830;S
20240220;100306;1600;2;9654140831;S
20240220;100306;1600;93;9654140832;S
20240220;100306;1600;1;9654140833;S
20240220;100306;1600;1;9654140834;S
20240220;100306;1600;2;9654140835;S
20240220;100306;1600;1;9654140836;S
20240220;100306;1600;1;9654140837;S
20240220;100306;1600;20;9654140838;S
20240220;100306;1600;1;9654140839;S
20240220;100306;1600;5;9654140840;S
20240220;100306;1600;100;9654140841;S
20240220;100306;1600;40;9654140842;S
20240220;100306;1600;1;9654140843;S
20240220;100306;1600;8;9654140844;S
20240220;100306;1600;5;9654140845;S
20240220;100306;1600;1;9654140846;S
20240220;100306;1600;3;9654140847;S
20240220;100306;1600;6;9654140848;S
20240220;100306;1600;1;9654140849;S
20240220;100306;1600;5;9654140850;S
20240220;100306;1600;119;9654140851;S
20240220;100306;1600.2;2;9654140860;S
20240220;100307;1600.4;1;9654141160;B
20240220;100310;1600.4;1;9654141950;B
20240220;100313;1600.4;1;9654142683;B
20240220;100315;1600.2;1;9654143077;S
20240220;100315;1600;1;9654143078;S
20240220;100316;1600.2;1;9654143244;S
20240220;100316;1600.2;2;9654143261;S
20240220;100318;1600.2;1;9654143570;S
20240220;100318;1600.2;9;9654143571;S
20240220;100319;1600.2;10;9654143880;S
20240220;100319;1600.4;3;9654143896;B
20240220;100321;1600.4;1;9654144414;B
20240220;100322;1600.4;29;9654144912;B
20240220;100322;1600.4;1;9654144954;B
20240220;100322;1600.8;10;9654144955;B
20240220;100322;1601;22;9654144956;B
20240220;100322;1601;18;9654144957;B
20240220;100322;1601.2;1;9654144958;B
20240220;100322;1601.4;5;9654144959;B
20240220;100324;1600.6;5;9654145747;S
20240220;100330;1601;6;9654147768;B
20240220;100330;1601.2;12;9654147769;B
20240220;100330;1601.2;7;9654147814;B
20240220;100330;1601.2;18;9654147815;B
20240220;100330;1600.6;5;9654148043;S
20240220;100330;1600.4;5;9654148044;S
20240220;100331;1601.2;2;9654148235;B
20240220;100331;1601.4;5;9654148236;B
20240220;100331;1601.4;5;9654148237;B
20240220;100333;1600.8;13;9654148900;S
20240220;100336;1601.4;9;9654149591;B
20240220;100336;1601.4;4;9654149619;B
20240220;100339;1601.4;5;9654150245;B
20240220;100341;1600.8;3;9654150499;S
20240220;100342;1601.4;10;9654150743;B
20240220;100344;1601.4;9;9654150989;B
20240220;100344;1600.8;3;9654151122;S
20240220;100345;1600.8;36;9654151159;S
20240220;100347;1601.2;1;9654151548;B
20240220;100348;1600.8;8;9654151701;S
20240220;100350;1601.2;3;9654152074;B
20240220;100352;1601.2;1;9654152760;B
20240220;100354;1601.2;2;9654153348;B
20240220;100355;1601.2;4;9654153500;B
20240220;100358;1600.6;13;9654154124;S
20240220;100401;1600.6;1;9654154912;S
20240220;100401;1600.6;89;9654154941;S
20240220;100401;1600.4;1;9654154942;S
20240220;100401;1600.2;10;9654154943;S
20240220;100402;1600.6;1;9654155012;B
20240220;100406;1600;41;9654156032;S
20240220;100406;1600;1;9654156033;S
20240220;100406;1600;66;9654156034;S
20240220;100408;1600;1;9654156442;S
20240220;100408;1600.6;10;9654156515;B
20240220;100409;1600.6;2;9654156638;B
20240220;100410;1600.6;5;9654156782;B
20240220;100410;1600;3;9654156976;S
20240220;100412;1600.6;4;9654157235;B
20240220;100412;1600.6;37;9654157271;B
20240220;100413;1600.6;2;9654157493;B
20240220;100413;1600.6;1;9654157525;B
20240220;100415;1600.6;1;9654158144;B
20240220;100417;1600.6;4;9654158308;B
20240220;100418;1600.4;2;9654158862;S
20240220;100418;1600.6;1;9654158892;B
20240220;100422;1600.6;1;9654159939;B
20240220;100422;1600.6;1;9654160115;B
20240220;100423;1600.6;6;9654160403;B
20240220;100424;1600.6;5;9654160471;B
20240220;100424;1600.6;19;9654160618;B
20240220;100424;1601;13;9654160619;B
20240220;100424;1601;5;9654160620;B
20240220;100425;1601;4;9654160819;B
20240220;100427;1601;5;9654161132;B
20240220;100428;1600.8;108;9654161395;S
20240220;100428;1600.4;10;9654161396;S
20240220;100428;1600.2;81;9654161397;S
20240220;100429;1600.2;6;9654161797;S
20240220;100430;1601;2;9654161862;B
20240220;100431;1601;2;9654162030;B
20240220;100431;1601;2;9654162031;B
20240220;100431;1600.2;62;9654162127;S
20240220;100435;1601;5;9654162985;B
20240220;100436;1600.6;6;9654163303;S
20240220;100440;1600.6;11;9654164334;S
20240220;100440;1600;30;9654164335;S
20240220;100440;1600;10;9654164336;S
20240220;100440;1600;1;9654164337;S
20240220;100440;1600;8;9654164338;S
20240220;100440;1600;4;9654164339;S
20240220;100440;1600;1;9654164340;S
20240220;100440;1600;17;9654164341;S
20240220;100440;1600;50;9654164342;S
20240220;100440;1600;1;9654164343;S
20240220;100440;1600;1;9654164344;S
20240220;100440;1600;1;9654164345;S
20240220;100440;1600;25;9654164346;S
20240220;100440;1600;1;9654164347;S
20240220;100440;1600;22;9654164348;S
20240220;100440;1599.8;10;9654164349;S
20240220;100440;1599.8;1;9654164350;S
20240220;100440;1599.8;101;9654164351;S
20240220;100440;1599.8;84;9654164352;S
20240220;100442;1600.6;9;9654164842;S
20240220;100447;1600.8;3;9654165871;B
20240220;100447;1601;1;9654165887;B
20240220;100447;1601;1;9654165888;B
20240220;100449;1600.6;43;9654166284;S
20240220;100455;1600.2;1;9654167457;S
20240220;100455;1600;6;9654167458;S
20240220;100457;1600.6;2;9654167996;B
20240220;100457;1600;100;9654168024;S
20240220;100459;1600;50;9654168252;S
20240220;100501;1600;44;9654168698;S
20240220;100501;1599.8;2;9654168714;S
20240220;100501;1600;1;9654168772;S
20240220;100504;1600;20;9654169451;S
20240220;100504;1599.8;514;9654169452;S
20240220;100504;1599.8;1;9654169453;S
20240220;100504;1599.8;1;9654169454;S
20240220;100504;1599.8;8;9654169455;S
20240220;100504;1599.6;7;9654169456;S
20240220;100504;1599.6;11;9654169467;S
20240220;100504;1599.6;5;9654169468;S
20240220;100504;1599.4;7;9654169469;S
20240220;100504;1599.2;1;9654169470;S
20240220;100504;1599.2;8;9654169471;S
20240220;100504;1599;1;9654169472;S
20240220;100504;1599;1;9654169473;S
20240220;100504;1599;10;9654169474;S
20240220;100504;1599;2;9654169475;S
20240220;100504;1599;1;9654169476;S
20240220;100504;1599;7;9654169477;S
20240220;100504;1599;1;9654169478;S
20240220;100504;1599;1;9654169479;S
20240220;100504;1599;4;9654169480;S
20240220;100504;1599;6;9654169534;S
20240220;100504;1599;2;9654169535;S
20240220;100504;1599;1;9654169536;S
20240220;100504;1599;1;9654169537;S
20240220;100504;1599.8;18;9654169569;B
20240220;100505;1599.6;1;9654169681;S
20240220;100505;1599.6;2;9654169682;S
20240220;100505;1599.2;1;9654169683;S
20240220;100505;1599;2;9654169684;S
20240220;100505;1599;2;9654169685;S
20240220;100505;1599;20;9654169686;S
20240220;100505;1599;1;9654169687;S
20240220;100505;1599;1;9654169688;S
20240220;100505;1599;1;9654169689;S
20240220;100505;1599;47;9654169690;S
20240220;100505;1599;1;9654169691;S
20240220;100505;1598.8;1;9654169692;S
20240220;100505;1598.8;1;9654169693;S
20240220;100505;1598.8;2;9654169694;S
20240220;100505;1598.8;2;9654169695;S
20240220;100505;1598.8;5;9654169696;S
20240220;100505;1598.8;22;9654169697;S
20240220;100505;1598.8;8;9654169698;S
20240220;100505;1598.6;40;9654169699;S
20240220;100505;1598.4;1;9654169700;S
20240220;100505;1598.4;2;9654169701;S
20240220;100505;1598.4;7;9654169702;S
20240220;100505;1598.4;5;9654169703;S
20240220;100505;1598.4;1;9654169704;S
20240220;100505;1598.4;4;9654169705;S
20240220;100505;1598.2;1;9654169706;S
20240220;100505;1598.2;200;9654169707;S
20240220;100505;1598.2;40;9654169708;S
20240220;100505;1598.2;20;9654169709;S
20240220;100505;1598.2;1;9654169710;S
20240220;100505;1598.2;1;9654169711;S
20240220;100505;1598;1;9654169712;S
20240220;100505;1598;10;9654169713;S
20240220;100505;1598;10;9654169714;S
20240220;100505;1598;1;9654169715;S
20240220;100505;1598;1;9654169716;S
20240220;100505;1598;10;9654169717;S
20240220;100505;1598;2;9654169718;S
20240220;100505;1598;1;9654169719;S
20240220;100505;1598;120;9654169720;S
20240220;100505;1599;1;9654169753;S
20240220;100505;1598;2;9654169904;S
20240220;100505;1598;1;9654169912;S
20240220;100506;1598.2;46;9654170019;S
20240220;100506;1598.2;1;9654170020;S
20240220;100506;1598;11;9654170021;S
20240220;100506;1598;10;9654170023;S
20240220;100506;1599;10;9654170034;B
20240220;100506;1599.2;5;9654170035;B
20240220;100506;1598.6;2;9654170042;S
20240220;100506;1599;5;9654170367;S
20240220;100507;1599;4;9654171064;B
20240220;100508;1599;2;9654171362;B
20240220;100508;1598.6;6;9654171654;S
20240220;100508;1598.6;1;9654171655;S
20240220;100512;1598.6;1;9654172584;B
20240220;100516;1598.2;1;9654173567;S
20240220;100516;1598.2;1;9654173568;S
20240220;100516;1598;8;9654173569;S
20240220;100517;1598.4;1;9654173964;B
20240220;100518;1598;26;9654174179;S
20240220;100520;1598.2;20;9654174647;S
20240220;100520;1598;180;9654174648;S
20240220;100521;1598.6;10;9654174747;B
20240220;100521;1598.6;1;9654174796;B
20240220;100521;1598;542;9654174974;S
20240220;100521;1598;10;9654174975;S
20240220;100521;1598;1;9654174976;S
20240220;100521;1598;1;9654174977;S
20240220;100521;1598;1;9654174978;S
20240220;100521;1598;1;9654174979;S
20240220;100521;1598;1;9654174980;S
20240220;100521;1598;1;9654174981;S
20240220;100521;1598;8;9654174982;S
20240220;100521;1598;2;9654174983;S
20240220;100521;1598;4;9654174984;S
20240220;100521;1598;1;9654174985;S
20240220;100521;1598;56;9654174986;S
20240220;100521;1598;1;9654174987;S
20240220;100521;1598;50;9654174988;S
20240220;100521;1598;4;9654174989;S
20240220;100521;1598;1;9654174990;S
20240220;100521;1598;1;9654174991;S
20240220;100521;1598;1;9654174992;S
20240220;100521;1598;1;9654174993;S
20240220;100521;1598;1;9654174994;S
20240220;100521;1598;5;9654174995;S
20240220;100521;1598;3;9654174996;S
20240220;100521;1598;1;9654174997;S
20240220;100521;1598;1;9654174998;S
20240220;100521;1598;1;9654174999;S
20240220;100521;1598;1;9654175000;S
20240220;100521;1598;1;9654175001;S
20240220;100521;1598;1;9654175002;S
20240220;100521;1598;1;9654175003;S
20240220;100521;1598;2;9654175004;S
20240220;100521;1598;1;9654175005;S
20240220;100521;1598;10;9654175006;S
20240220;100521;1598;1;9654175007;S
20240220;100521;1598;1;9654175008;S
20240220;100521;1597.8;1;9654175009;S
20240220;100521;1597.8;1;9654175010;S
20240220;100521;1597.8;5;9654175011;S
20240220;100521;1597.8;2;9654175012;S
20240220;100521;1597.6;4;9654175013;S
20240220;100521;1597.6;1;9654175014;S
20240220;100521;1597.4;1;9654175015;S
20240220;100521;1597.4;2;9654175016;S
20240220;100521;1597.4;5;9654175017;S
20240220;100521;1597.4;5;9654175018;S
20240220;100521;1597.2;2;9654175019;S
20240220;100521;1597.2;3;9654175020;S
20240220;100521;1597.2;6;9654175021;S
20240220;100521;1597.2;1;9654175022;S
20240220;100521;1597.2;1;9654175023;S
20240220;100521;1597.2;2;9654175024;S
20240220;100521;1597.2;39;9654175025;S
20240220;100521;1597.4;5;9654175039;S
20240220;100521;1597.4;5;9654175040;S
20240220;100521;1597.4;9;9654175064;S
20240220;100521;1597.4;10;9654175066;S
20240220;100521;1597.4;7;9654175067;S
20240220;100522;1597.4;9;9654175078;S
20240220;100522;1597;1;9654175089;S
20240220;100522;1597;4;9654175093;S
20240220;100522;1597;3;9654175094;S
20240220;100522;1597;3;9654175111;S
20240220;100522;1597;1;9654175112;S
20240220;100522;1597;1;9654175113;S
20240220;100522;1597;1;9654175114;S
20240220;100522;1597;1;9654175115;S
20240220;100522;1597;1;9654175116;S
20240220;100522;1597;1;9654175117;S
20240220;100522;1597;1;9654175118;S
20240220;100522;1597;46;9654175119;S
20240220;100522;1597.8;15;9654175123;S
20240220;100522;1597;5;9654175124;S
20240220;100522;1597;1;9654175125;S
20240220;100522;1597;2;9654175126;S
20240220;100522;1597;1;9654175127;S
20240220;100522;1597;1;9654175128;S
20240220;100522;1597;27;9654175129;S
20240220;100522;1597;1;9654175130;S
20240220;100522;1597;17;9654175131;S
20240220;100522;1596.8;2;9654175132;S
20240220;100522;1596.8;3;9654175133;S
20240220;100522;1596.6;1;9654175134;S
20240220;100522;1596.6;80;9654175135;S
20240220;100522;1597.6;1;9654175205;B
20240220;100522;1597.6;1;9654175215;B
20240220;100522;1596.4;1;9654175216;S
20240220;100522;1596.4;1;9654175217;S
20240220;100522;1596.4;1;9654175218;S
20240220;100522;1597.4;1;9654175240;S
20240220;100522;1596.2;4;9654175241;S
20240220;100522;1596.2;7;9654175242;S
20240220;100522;1596.2;88;9654175243;S
20240220;100522;1596;2;9654175244;S
20240220;100522;1596;1;9654175245;S
20240220;100522;1596;1;9654175246;S
20240220;100522;1596;53;9654175247;S
20240220;100522;1597;1;9654175300;B
20240220;100522;1597;1;9654175301;B
20240220;100522;1597;8;9654175302;B
20240220;100522;1596;25;9654175321;S
20240220;100522;1596;22;9654175324;S
20240220;100522;1596;1;9654175325;S
20240220;100523;1596.8;12;9654175413;B
20240220;100523;1597;8;9654175414;B
20240220;100523;1596.2;5;9654175417;S
20240220;100523;1596;1;9654175418;S
20240220;100523;1596;1;9654175419;S
20240220;100523;1596;1;9654175420;S
20240220;100523;1596;2;9654175421;S
20240220;100523;1596;1;9654175422;S
20240220;100523;1596;3;9654175423;S
20240220;100523;1596;2;9654175424;S
20240220;100523;1596;1;9654175425;S
20240220;100523;1596;1;9654175426;S
20240220;100523;1596;20;9654175427;S
20240220;100523;1596;5;9654175428;S
20240220;100523;1596;5;9654175429;S
20240220;100523;1596;3;9654175430;S
20240220;100523;1596;1;9654175431;S
20240220;100523;1596;1;9654175432;S
20240220;100523;1596;20;9654175433;S
20240220;100523;1595.8;2;9654175434;S
20240220;100523;1595.8;100;9654175435;S
20240220;100523;1595.8;1;9654175436;S
20240220;100523;1595.6;1;9654175437;S
20240220;100523;1595.6;35;9654175438;S
20240220;100523;1595.6;88;9654175439;S
20240220;100523;1596.6;10;9654175457;B
20240220;100523;1596.6;1;9654175458;B
20240220;100523;1596.4;1;9654175459;S
20240220;100523;1596;4;9654175460;S
20240220;100523;1595.8;1;9654175465;B
20240220;100523;1595.6;5;9654175482;S
20240220;100523;1595.6;20;9654175493;S
20240220;100523;1595.8;1;9654175504;B
20240220;100523;1595.4;1;9654175529;S
20240220;100523;1595.4;14;9654175530;S
20240220;100523;1595.4;9;9654175531;S
20240220;100523;1595.4;42;9654175532;S
20240220;100523;1595.4;1;9654175534;S
20240220;100523;1595.4;6;9654175540;S
20240220;100523;1595.2;2;9654175541;S
20240220;100523;1595.2;5;9654175557;S
20240220;100523;1595.2;1;9654175558;S
20240220;100523;1595.2;4;9654175559;S
20240220;100523;1595.8;1;9654175568;B
20240220;100523;1595.8;5;9654175598;B
20240220;100523;1595.8;4;9654175601;B
20240220;100523;1595.8;1;9654175621;B
20240220;100523;1595.6;1;9654175674;S
20240220;100523;1595.6;1;9654175675;S
20240220;100523;1595.4;8;9654175676;S
20240220;100524;1595.8;1;9654175685;B
20240220;100524;1595.8;3;9654175686;B
20240220;100524;1595.4;5;9654175688;S
20240220;100524;1595.2;6;9654175689;S
20240220;100524;1595.2;10;9654175690;S
20240220;100524;1595.2;25;9654175691;S
20240220;100524;1595.2;2;9654175692;S
20240220;100524;1595.2;1;9654175693;S
20240220;100524;1595.2;5;9654175694;S
20240220;100524;1595.2;10;9654175695;S
20240220;100524;1595.2;1;9654175696;S
20240220;100524;1595.2;64;9654175697;S
20240220;100524;1595.8;2;9654175711;B
20240220;100524;1596;5;9654175717;S
20240220;100524;1596.2;2;9654175770;B
20240220;100524;1596;5;9654175783;S
20240220;100524;1595.2;2;9654175784;S
20240220;100524;1595.2;188;9654175785;S
20240220;100524;1595;20;9654175786;S
20240220;100524;1595;1;9654175787;S
20240220;100524;1595;1;9654175788;S
20240220;100524;1595;33;9654175789;S
20240220;100524;1595;37;9654175790;S
20240220;100524;1595;20;9654175791;S
20240220;100524;1595;1;9654175792;S
20240220;100524;1595;7;9654175793;S
20240220;100524;1595;43;9654175794;S
20240220;100524;1595;2;9654175795;S
20240220;100524;1595;5;9654175796;S
20240220;100524;1595;10;9654175797;S
20240220;100524;1595;10;9654175798;S
20240220;100524;1595;4;9654175799;S
20240220;100524;1595;1;9654175800;S
20240220;100524;1595;1;9654175801;S
20240220;100524;1595;7;9654175802;S
20240220;100524;1595;10;9654175803;S
20240220;100524;1595;1;9654175804;S
20240220;100524;1595;3;9654175805;S
20240220;100524;1595;1;9654175806;S
20240220;100524;1595;1;9654175807;S
20240220;100524;1595;1;9654175808;S
20240220;100524;1595;1;9654175809;S
20240220;100524;1595;5;9654175810;S
20240220;100524;1595;1;9654175811;S
20240220;100524;1595;1;9654175812;S
20240220;100524;1595;62;9654175813;S
20240220;100524;1595;1;9654175814;S
20240220;100524;1595;1;9654175815;S
20240220;100524;1595;1;9654175816;S
20240220;100524;1595;1;9654175817;S
20240220;100524;1595;24;9654175818;S
20240220;100524;1595;25;9654175819;S
20240220;100524;1595;1;9654175820;S
20240220;100524;1595;1;9654175821;S
20240220;100524;1595;1;9654175822;S
20240220;100524;1595;1;9654175823;S
20240220;100524;1595;10;9654175824;S
20240220;100524;1595;1;9654175825;S
20240220;100524;1595;3;9654175826;S
20240220;100524;1595;20;9654175827;S
20240220;100524;1595;10;9654175828;S
20240220;100524;1595;1;9654175829;S
20240220;100524;1595;20;9654175830;S
20240220;100524;1595;6;9654175831;S
20240220;100524;1595;1;9654175832;S
20240220;100524;1595;2;9654175833;S
20240220;100524;1595;4;9654175834;S
20240220;100524;1595;15;9654175835;S
20240220;100524;1595;66;9654175836;S
20240220;100524;1595;1;9654175837;S
20240220;100524;1595;159;9654175838;S
20240220;100524;1595;22;9654175839;S
20240220;100524;1594.8;3;9654175840;S
20240220;100524;1594.8;1;9654175841;S
20240220;100524;1594.8;51;9654175842;S
20240220;100524;1595;8;9654175895;S
20240220;100524;1595;12;9654175900;S
20240220;100524;1595.8;2;9654175901;B
20240220;100524;1595;72;9654175902;S
20240220;100524;1595;59;9654175903;S
20240220;100524;1595;1;9654175976;S
20240220;100524;1594.6;26;9654175977;S
20240220;100524;1594.6;63;9654175978;S
20240220;100524;1594.6;57;9654175979;S
20240220;100524;1594.4;186;9654175980;S
20240220;100524;1595.2;1;9654176011;B
20240220;100524;1595;1;9654176016;S
20240220;100524;1595;2;9654176017;S
20240220;100524;1595;2;9654176018;S
20240220;100524;1594.6;110;9654176019;S
20240220;100524;1594.6;15;9654176020;S
20240220;100525;1595;1;9654176030;B
20240220;100525;1595.2;3;9654176031;B
20240220;100525;1595.2;6;9654176032;B
20240220;100525;1594.4;2;9654176033;S
20240220;100525;1595;1;9654176036;B
20240220;100525;1594.4;4;9654176043;S
20240220;100525;1594.4;1;9654176048;S
20240220;100525;1594.4;7;9654176052;S
20240220;100525;1594.4;63;9654176053;S
20240220;100525;1594.4;84;9654176054;S
20240220;100525;1594.4;146;9654176055;S
20240220;100525;1595;10;9654176085;S
20240220;100525;1595;10;9654176086;S
20240220;100525;1595;9;9654176087;S
20240220;100525;1595.2;3;9654176109;B
20240220;100525;1595;6;9654176111;S
20240220;100525;1595;1;9654176112;S
20240220;100525;1594.8;4;9654176113;S
20240220;100525;1594.4;45;9654176114;S
20240220;100525;1594.4;5;9654176115;S
20240220;100525;1594.2;1;9654176116;S
20240220;100525;1594.2;149;9654176117;S
20240220;100525;1595.2;4;9654176119;B
20240220;100525;1595.2;2;9654176121;B
20240220;100525;1595.2;5;9654176122;B
20240220;100525;1594.2;30;9654176123;S
20240220;100525;1595;5;9654176126;S
20240220;100525;1594.2;10;9654176127;S
20240220;100525;1595;1;9654176136;S
20240220;100525;1595;1;9654176137;S
20240220;100525;1595;1;9654176138;S
20240220;100525;1594.2;11;9654176139;S
20240220;100525;1594.2;1;9654176140;S
20240220;100525;1594.2;8;9654176147;S
20240220;100525;1594.2;54;9654176151;S
20240220;100525;1594;1;9654176152;S
20240220;100525;1594;68;9654176153;S
20240220;100525;1594;1;9654176154;S
20240220;100525;1594.8;1;9654176155;B
20240220;100525;1594.8;1;9654176156;B
20240220;100525;1594.8;1;9654176167;B
20240220;100525;1594.8;1;9654176169;B
20240220;100525;1594.8;1;9654176173;B
20240220;100525;1594.8;1;9654176174;B
20240220;100525;1594.8;1;9654176183;B
20240220;100525;1594.8;1;9654176184;B
20240220;100525;1595;1;9654176187;B
20240220;100525;1595;4;9654176201;S
20240220;100525;1595;6;9654176202;S
20240220;100525;1595;4;9654176204;S
20240220;100525;1594.6;250;9654176213;S
20240220;100525;1594.2;42;9654176214;S
20240220;100525;1594.2;4;9654176218;S
20240220;100525;1594.4;1;9654176220;B
20240220;100525;1594.4;3;9654176222;B
20240220;100525;1594.4;1;9654176223;B
20240220;100525;1594.4;2;9654176227;B
20240220;100525;1594.4;1;9654176234;B
20240220;100525;1594.4;5;9654176235;B
20240220;100525;1594.2;5;9654176247;S
20240220;100525;1594.4;1;9654176251;B
20240220;100525;1594.4;5;9654176259;B
20240220;100525;1594.2;102;9654176265;S
20240220;100525;1594.4;6;9654176269;B
20240220;100525;1594;11;9654176272;S
20240220;100525;1594;1;9654176273;S
20240220;100525;1594;2;9654176274;S
20240220;100525;1594;26;9654176275;S
20240220;100525;1594.2;20;9654176284;S
20240220;100525;1594.4;4;9654176287;B
20240220;100526;1594.2;10;9654176307;S
20240220;100526;1594.2;33;9654176325;S
20240220;100526;1594;67;9654176326;S
20240220;100526;1594;7;9654176339;S
20240220;100526;1594;23;9654176340;S
20240220;100526;1594.4;5;9654176398;B
20240220;100526;1594.8;6;9654176399;B
20240220;100526;1594.2;63;9654176467;S
20240220;100526;1594;47;9654176468;S
20240220;100526;1594;30;9654176469;S
20240220;100526;1594;5;9654176470;S
20240220;100526;1594;1;9654176471;S
20240220;100526;1594;1;9654176472;S
20240220;100526;1594;83;9654176473;S
20240220;100526;1594;5;9654176474;S
20240220;100526;1594;1;9654176475;S
20240220;100526;1594;1;9654176476;S
20240220;100526;1594;200;9654176477;S
20240220;100526;1594;1;9654176478;S
20240220;100526;1594;2;9654176479;S
20240220;100526;1594;10;9654176480;S
20240220;100526;1594;141;9654176481;S
20240220;100526;1594;5;9654176482;S
20240220;100526;1594;1;9654176483;S
20240220;100526;1594;2;9654176484;S
20240220;100526;1594;1;9654176485;S
20240220;100526;1594;3;9654176486;S
20240220;100526;1594;20;9654176487;S
20240220;100526;1594;10;9654176488;S
20240220;100526;1594;20;9654176489;S
20240220;100526;1594;1;9654176490;S
20240220;100526;1594;10;9654176491;S
20240220;100526;1594;1;9654176492;S
20240220;100526;1594;1;9654176493;S
20240220;100526;1593.6;25;9654176494;S
20240220;100526;1593.6;162;9654176495;S
20240220;100526;1593.4;1;9654176496;S
20240220;100526;1593.4;50;9654176497;S
20240220;100526;1593.4;22;9654176498;S
20240220;100526;1593.2;1;9654176499;S
20240220;100526;1593.2;188;9654176500;S
20240220;100526;1593;50;9654176501;S
20240220;100526;1593;10;9654176502;S
20240220;100526;1593;5;9654176503;S
20240220;100526;1593;10;9654176504;S
20240220;100526;1593;10;9654176505;S
20240220;100526;1593;400;9654176506;S
20240220;100526;1593;2;9654176507;S
20240220;100526;1593;4;9654176508;S
20240220;100526;1593;3;9654176509;S
20240220;100526;1593;1;9654176510;S
20240220;100526;1593;2;9654176511;S
20240220;100526;1593;1;9654176512;S
20240220;100526;1593;2;9654176513;S
20240220;100526;1592.8;1;9654176514;S
20240220;100526;1592.8;2;9654176515;S
20240220;100526;1592.8;60;9654176516;S
20240220;100526;1592.6;55;9654176517;S
20240220;100526;1592.4;200;9654176518;S
20240220;100526;1592.4;10;9654176519;S
20240220;100526;1592.2;1;9654176520;S
20240220;100526;1592.2;1;9654176521;S
20240220;100526;1592.2;1;9654176522;S
20240220;100526;1592.2;5;9654176523;S
20240220;100526;1592.2;1;9654176524;S
20240220;100526;1592.2;1;9654176525;S
20240220;100526;1592.2;132;9654176526;S
20240220;100526;1592;65;9654176527;S
20240220;100526;1592;4;9654176528;S
20240220;100526;1592;200;9654176529;S
20240220;100526;1592;3;9654176530;S
20240220;100526;1592;90;9654176531;S
20240220;100526;1592;1;9654176532;S
20240220;100526;1592;1;9654176533;S
20240220;100526;1592;188;9654176534;S
20240220;100526;1593.2;10;9654176563;S
20240220;100526;1593.2;5;9654176567;S
20240220;100527;1594;75;9654176599;S
20240220;100527;1594.4;1;9654176628;B
20240220;100527;1594.4;1;9654176669;B
20240220;100527;1594.4;1;9654176670;B
20240220;100527;1594.4;1;9654176672;B
20240220;100527;1594.6;23;9654176673;B
20240220;100527;1594.8;1;9654176674;B
20240220;100527;1594.8;36;9654176675;B
20240220;100527;1594.8;1;9654176715;B
20240220;100527;1594.8;21;9654176801;B
20240220;100527;1595;14;9654176802;B
20240220;100527;1595.2;8;9654176803;B
20240220;100527;1595.2;62;9654176804;B
20240220;100527;1595.2;80;9654176805;B
20240220;100527;1595.2;15;9654176806;B
20240220;100528;1595.8;12;9654176873;B
20240220;100528;1596;226;9654176874;B
20240220;100528;1596;40;9654176875;B
20240220;100528;1596;226;9654176876;B
20240220;100528;1596.2;60;9654176877;B
20240220;100528;1596.2;296;9654176878;B
20240220;100528;1596.4;5;9654176879;B
20240220;100528;1596.4;49;9654176880;B
20240220;100528;1596.8;63;9654176881;B
20240220;100528;1597;1;9654176882;B
20240220;100528;1597;22;9654176883;B
20240220;100528;1595;3;9654177003;S
20240220;100528;1595;2;9654177004;S
20240220;100528;1594.8;20;9654177055;S
20240220;100528;1594.6;6;9654177056;S
20240220;100528;1595.2;22;9654177154;S
20240220;100528;1594.4;63;9654177155;S
20240220;100528;1594.4;65;9654177156;S
20240220;100529;1595.8;1;9654177370;B
20240220;100530;1595.8;1;9654177657;B
20240220;100530;1595.8;19;9654177708;B
20240220;100531;1595.8;1;9654177803;B
20240220;100532;1596;35;9654178130;B
20240220;100532;1596;15;9654178131;B
20240220;100534;1595.6;1;9654178567;S
20240220;100534;1595.6;83;9654178568;S
20240220;100538;1595.6;10;9654179619;S
20240220;100538;1595.6;22;9654179620;S
20240220;100538;1595.4;68;9654179621;S
20240220;100542;1595;9;9654180638;S
20240220;100548;1596;70;9654182168;B
20240220;100548;1596;54;9654182169;B
20240220;100548;1596.2;22;9654182170;B
20240220;100548;1596.8;68;9654182171;B
20240220;100548;1597;8;9654182172;B
20240220;100548;1597;500;9654182173;B
20240220;100548;1597.2;25;9654182174;B
20240220;100548;1597.4;60;9654182175;B
20240220;100548;1597.8;18;9654182176;B
20240220;100548;1598;63;9654182177;B
20240220;100548;1598.2;112;9654182178;B
20240220;100549;1598.2;20;9654182344;B
20240220;100549;1598.2;40;9654182455;B
20240220;100549;1598.4;5;9654182456;B
20240220;100549;1598.4;15;9654182457;B
20240220;100550;1596.8;1;9654182606;S
20240220;100551;1597.4;7;9654182819;S
20240220;100555;1597.2;9;9654183604;S
20240220;100555;1597;20;9654183605;S
20240220;100555;1596.8;40;9654183606;S
20240220;100555;1596.6;22;9654183607;S
20240220;100555;1596.4;209;9654183608;S
20240220;100557;1597.6;1;9654184072;B
20240220;100558;1597.6;1;9654184491;B
20240220;100601;1596.8;6;9654186131;S
20240220;100602;1597.6;1;9654186340;B
20240220;100602;1597.6;19;9654186496;B
20240220;100602;1597.8;20;9654186497;B
20240220;100602;1598;14;9654186498;B
20240220;100603;1598.4;2;9654186661;B
20240220;100605;1598.4;5;9654187353;B
20240220;100605;1598.6;1;9654187354;B
20240220;100607;1597.2;6;9654187904;S
20240220;100608;1598.6;17;9654188078;B
20240220;100608;1598.6;10;9654188079;B
20240220;100608;1598.8;46;9654188080;B
20240220;100608;1599;24;9654188081;B
20240220;100608;1599.2;209;9654188082;B
20240220;100608;1599.4;40;9654188083;B
20240220;100608;1599.4;85;9654188084;B
20240220;100610;1598.2;22;9654188758;S
20240220;100610;1598;8;9654188759;S
20240220;100611;1597.4;20;9654188915;S
20240220;100611;1597.2;30;9654188916;S
20240220;100611;1597.6;1;9654189026;B
20240220;100613;1598.8;20;9654189404;B
20240220;100613;1599;22;9654189405;B
20240220;100613;1599;44;9654189406;B
20240220;100613;1599.2;48;9654189407;B
20240220;100613;1599.4;115;9654189408;B
20240220;100613;1599.6;60;9654189409;B
20240220;100613;1600;5;9654189410;B
20240220;100613;1600;1;9654189411;B
20240220;100613;1600.4;151;9654189412;B
20240220;100613;1600.6;1;9654189413;B
20240220;100613;1600.6;500;9654189414;B
20240220;100613;1600.6;100;9654189415;B
20240220;100613;1600.8;133;9654189416;B
20240220;100614;1600.2;1;9654189580;B
20240220;100616;1598.8;2;9654190062;S
20240220;100616;1598.6;20;9654190063;S
20240220;100616;1598.6;22;9654190064;S
20240220;100616;1598.4;4;9654190065;S
20240220;100616;1598.4;2;9654190066;S
20240220;100621;1598.4;3;9654191038;S
20240220;100623;1597.8;5;9654191640;S
20240220;100626;1598.4;3;9654192034;S
20240220;100626;1599;1;9654192067;B
20240220;100629;1599.2;1;9654192789;B
20240220;100629;1599.4;1;9654192790;B
20240220;100630;1599;2;9654193038;S
20240220;100630;1598.2;78;9654193039;S
20240220;100630;1599.6;1;9654193102;B
20240220;100631;1599.2;5;9654193352;B
20240220;100631;1599.2;22;9654193353;B
20240220;100631;1599.2;9;9654193354;B
20240220;100631;1599.4;8;9654193386;B
20240220;100631;1599.4;1;9654193418;S
20240220;100632;1599;1;9654193611;B
20240220;100632;1599;4;9654193686;B
20240220;100635;1598;188;9654194089;S
20240220;100635;1597.8;22;9654194090;S
20240220;100635;1597.8;220;9654194091;S
20240220;100635;1597.6;5;9654194092;S
20240220;100635;1597.2;5;9654194093;S
20240220;100635;1597.2;1;9654194094;S
20240220;100635;1597;1;9654194095;S
20240220;100635;1597;10;9654194096;S
20240220;100635;1597;1;9654194097;S
20240220;100635;1597;5;9654194098;S
20240220;100635;1596.8;1;9654194099;S
20240220;100635;1596.8;63;9654194100;S
20240220;100635;1596.8;40;9654194101;S
20240220;100635;1596.6;60;9654194102;S
20240220;100635;1596.4;165;9654194103;S
20240220;100635;1596.2;5;9654194104;S
20240220;100635;1596;1;9654194105;S
20240220;100635;1596;1;9654194106;S
20240220;100635;1596;146;9654194107;S
20240220;100635;1595.8;2;9654194108;S
20240220;100635;1595.8;226;9654194109;S
20240220;100635;1595.8;402;9654194110;S
20240220;100635;1596.4;38;9654194117;S
20240220;100635;1598.8;1;9654194175;B
20240220;100635;1598.8;5;9654194176;B
20240220;100635;1598.8;2;9654194177;B
20240220;100635;1598.8;4;9654194178;B
20240220;100635;1598.8;13;9654194179;B
20240220;100639;1597.2;8;9654195086;S
20240220;100640;1597.2;8;9654195245;S
20240220;100640;1597;23;9654195246;S
20240220;100640;1596.8;1;9654195247;S
20240220;100640;1596.6;2;9654195248;S
20240220;100640;1596.6;116;9654195249;S
20240220;100643;1598.4;2;9654196082;B
20240220;100643;1598.6;1;9654196083;B
20240220;100648;1598.6;3;9654197096;B
20240220;100648;1598;5;9654197197;S
20240220;100648;1596.8;1;9654197198;S
20240220;100648;1596.4;188;9654197199;S
20240220;100648;1596.4;63;9654197200;S
20240220;100648;1596.2;22;9654197201;S
20240220;100648;1596;1;9654197202;S
20240220;100648;1596;58;9654197203;S
20240220;100648;1596;13;9654197204;S
20240220;100648;1595.8;60;9654197205;S
20240220;100648;1595.6;36;9654197206;S
20240220;100648;1595.4;25;9654197207;S
20240220;100648;1595.2;9;9654197208;S
20240220;100648;1595.2;4;9654197209;S
20240220;100648;1595.2;110;9654197210;S
20240220;100648;1595;1;9654197211;S
20240220;100648;1595;2;9654197212;S
20240220;100648;1595;1;9654197213;S
20240220;100648;1595;1;9654197214;S
20240220;100648;1595;70;9654197215;S
20240220;100648;1595;2;9654197216;S
20240220;100648;1595;5;9654197217;S
20240220;100648;1595;1;9654197218;S
20240220;100648;1595;5;9654197219;S
20240220;100648;1595;1;9654197220;S
20240220;100648;1595;2;9654197221;S
20240220;100648;1595;1;9654197222;S
20240220;100648;1595;1;9654197223;S
20240220;100648;1595;1;9654197224;S
20240220;100648;1595;19;9654197225;S
20240220;100648;1595;5;9654197226;S
20240220;100648;1595;3;9654197227;S
20240220;100648;1595;1;9654197228;S
20240220;100648;1595;1;9654197229;S
20240220;100648;1595;5;9654197230;S
20240220;100648;1595;1;9654197231;S
20240220;100648;1594.8;5;9654197232;S
20240220;100648;1594.8;271;9654197233;S
20240220;100649;1597.4;5;9654197490;S
20240220;100649;1597.4;2;9654197502;B
20240220;100650;1597.2;1;9654197667;S
20240220;100650;1597.2;2;9654197668;S
20240220;100650;1597.2;8;9654197684;S
20240220;100652;1597.6;2;9654198094;B
20240220;100656;1597.4;1;9654199123;B
20240220;100657;1597.6;20;9654199147;B
20240220;100657;1597.6;2;9654199148;B
20240220;100657;1597.8;38;9654199149;B
20240220;100657;1598;2;9654199150;B
20240220;100658;1596.4;63;9654199423;S
20240220;100658;1596.2;8;9654199424;S
20240220;100658;1596.2;30;9654199425;S
20240220;100658;1596;12;9654199426;S
20240220;100658;1596;55;9654199427;S
20240220;100658;1596;22;9654199428;S
20240220;100658;1595.8;197;9654199429;S
20240220;100658;1595.2;48;9654199430;S
20240220;100658;1595;1;9654199431;S
20240220;100658;1595;15;9654199432;S
20240220;100658;1595;60;9654199433;S
20240220;100658;1595;10;9654199434;S
20240220;100658;1594.8;79;9654199435;S
20240220;100659;1595;8;9654199571;S
20240220;100700;1596.2;3;9654199748;B
20240220;100702;1596.2;2;9654200067;B
20240220;100704;1596.6;36;9654200457;B
20240220;100704;1596.8;22;9654200458;B
20240220;100704;1597.4;26;9654200459;B
20240220;100704;1597.6;39;9654200460;B
20240220;100704;1597.8;1;9654200625;B
20240220;100707;1597.6;2;9654200975;B
20240220;100707;1597.6;1;9654200976;B
20240220;100709;1597;1;9654201350;S
20240220;100709;1596.8;1;9654201351;S
20240220;100709;1596.6;1;9654201352;S
20240220;100709;1596;5;9654201353;S
20240220;100709;1596;1;9654201354;S
20240220;100709;1596;1;9654201355;S
20240220;100709;1595.4;2;9654201356;S
20240220;100709;1595.2;28;9654201357;S
20240220;100709;1595;55;9654201358;S
20240220;100709;1595;100;9654201359;S
20240220;100709;1595;1;9654201360;S
20240220;100709;1595;22;9654201361;S
20240220;100709;1595;2;9654201362;S
20240220;100709;1595;1;9654201363;S
20240220;100709;1594.8;150;9654201364;S
20240220;100709;1594.8;3;9654201365;S
20240220;100709;1594.8;37;9654201366;S
20240220;100709;1594.6;54;9654201367;S
20240220;100709;1594.4;2;9654201368;S
20240220;100709;1594.4;1;9654201369;S
20240220;100709;1594.4;60;9654201370;S
20240220;100709;1594.2;10;9654201371;S
20240220;100709;1594.2;50;9654201372;S
20240220;100709;1594.2;132;9654201373;S
20240220;100709;1594.2;10;9654201374;S
20240220;100709;1594;25;9654201375;S
20240220;100709;1594;1;9654201376;S
20240220;100709;1594;1;9654201377;S
20240220;100709;1594;5;9654201378;S
20240220;100709;1594;1;9654201379;S
20240220;100709;1594;1;9654201380;S
20240220;100709;1594;1;9654201381;S
20240220;100709;1594;1;9654201382;S
20240220;100709;1594;20;9654201383;S
20240220;100709;1593.8;4;9654201384;S
20240220;100709;1593.8;4;9654201385;S
20240220;100709;1593.6;4;9654201386;S
20240220;100709;1593.6;1;9654201387;S
20240220;100709;1593.6;1;9654201388;S
20240220;100709;1593.6;1;9654201389;S
20240220;100709;1593.6;1;9654201390;S
20240220;100709;1593.4;1;9654201391;S
20240220;100709;1593.4;1;9654201392;S
20240220;100709;1593.4;1;9654201393;S
20240220;100709;1593.4;16;9654201394;S
20240220;100709;1593.4;369;9654201395;S
20240220;100709;1595.4;2;9654201473;B
20240220;100709;1595.4;4;9654201474;B
20240220;100709;1595.6;4;9654201475;B
20240220;100710;1595.2;2;9654201520;B
20240220;100710;1595.4;1;9654201667;B
20240220;100712;1595.4;10;9654201892;B
20240220;100712;1595.8;22;9654201900;B
20240220;100712;1596;8;9654201901;B
20240220;100712;1596.4;10;9654201946;B
20240220;100712;1596.4;5;9654202161;B
20240220;100714;1597.4;17;9654202482;S
20240220;100715;1596.2;7;9654202660;S
20240220;100715;1595.8;41;9654202661;S
20240220;100715;1595.6;1;9654202662;S
20240220;100715;1595.2;5;9654202663;S
20240220;100715;1595.2;12;9654202664;S
20240220;100715;1595;1;9654202665;S
20240220;100715;1595;2;9654202666;S
20240220;100715;1595;20;9654202667;S
20240220;100715;1594.4;11;9654202668;S
20240220;100718;1596.2;1;9654203323;S
20240220;100718;1596.2;3;9654203325;B
20240220;100720;1595.8;1;9654203473;S
20240220;100722;1595.8;1;9654203850;S
20240220;100724;1595.8;2;9654204346;S
20240220;100724;1596;3;9654204423;B
20240220;100724;1596.2;1;9654204424;B
20240220;100726;1596;3;9654204789;S
20240220;100726;1596;20;9654204874;S
20240220;100727;1596;5;9654204995;S
20240220;100727;1596;3;9654205044;S
20240220;100728;1596;9;9654205195;S
20240220;100728;1596.2;3;9654205207;B
20240220;100729;1596.2;1;9654205398;B
20240220;100730;1596;10;9654205514;S
20240220;100730;1596.2;10;9654205635;B
20240220;100730;1596.2;1;9654205636;B
20240220;100730;1597.2;33;9654205637;B
20240220;100730;1597.2;2;9654205650;B
20240220;100730;1597.8;5;9654205767;B
20240220;100730;1597.8;40;9654205802;B
20240220;100730;1598;4;9654205803;B
20240220;100730;1598;1;9654205804;B
20240220;100731;1597.6;7;9654206051;S
20240220;100731;1598;52;9654206168;S
20240220;100733;1597.6;17;9654206458;S
20240220;100733;1597.4;2;9654206459;S
20240220;100734;1598;35;9654206605;S
20240220;100736;1598;1;9654207206;B
20240220;100738;1598.2;1;9654207560;B
20240220;100738;1598;1;9654207561;S
20240220;100740;1598;7;9654207836;S
20240220;100740;1598;1;9654207837;S
20240220;100740;1597.2;7;9654207838;S
20240220;100740;1596.6;63;9654207839;S
20240220;100740;1596.4;20;9654207840;S
20240220;100740;1596.4;22;9654207841;S
20240220;100740;1596.2;8;9654207842;S
20240220;100740;1596.2;40;9654207843;S
20240220;100740;1596;150;9654207844;S
20240220;100740;1595.8;1;9654207845;S
20240220;100740;1595.6;10;9654207846;S
20240220;100740;1595.6;6;9654207847;S
20240220;100740;1595.4;60;9654207848;S
20240220;100740;1595.2;16;9654207849;S
20240220;100740;1595;7;9654207850;S
20240220;100740;1595;150;9654207851;S
20240220;100740;1595;10;9654207852;S
20240220;100740;1594.4;1;9654207853;S
20240220;100740;1594;1;9654207854;S
20240220;100740;1594;10;9654207855;S
20240220;100740;1593.8;5;9654207856;S
20240220;100740;1593.6;1;9654207857;S
20240220;100740;1593.6;75;9654207858;S
20240220;100740;1593.6;9;9654207859;S
20240220;100740;1593.8;8;9654207860;S
20240220;100740;1593.8;63;9654207861;S
20240220;100740;1593.8;29;9654207866;B
20240220;100740;1593.8;200;9654207867;B
20240220;100741;1595.4;1;9654208005;B
20240220;100742;1595.8;5;9654208219;B
20240220;100742;1596.2;15;9654208220;B
20240220;100744;1597;6;9654208535;B
20240220;100744;1597.2;40;9654208574;B
20240220;100745;1596.4;1;9654208782;S
20240220;100745;1596.2;25;9654208783;S
20240220;100745;1595.4;32;9654208784;S
20240220;100745;1595.4;2;9654208785;S
20240220;100745;1595.2;22;9654208786;S
20240220;100745;1595.2;1;9654208787;S
20240220;100745;1595;117;9654208788;S
20240220;100746;1597.2;2;9654209001;B
20240220;100746;1597.2;1;9654209025;B
20240220;100754;1597;2;9654210434;B
20240220;100754;1597.2;1;9654210435;B
20240220;100757;1597.2;7;9654210857;B
20240220;100802;1597.2;4;9654211747;B
20240220;100802;1597.2;5;9654211768;B
20240220;100802;1597.2;2;9654211824;B
20240220;100802;1597.2;18;9654211825;B
20240220;100803;1597;1;9654211960;S
20240220;100804;1597.2;2;9654212167;B
20240220;100804;1597.2;14;9654212168;B
20240220;100807;1597.2;100;9654212668;B
20240220;100807;1597.2;6;9654212727;B
20240220;100807;1597.2;4;9654212728;B
20240220;100807;1597.2;1;9654212759;B
20240220;100808;1597.2;1;9654212944;B
20240220;100808;1597.2;1;9654212945;B
20240220;100810;1597;1;9654213167;S
20240220;100810;1597;1;9654213176;S
20240220;100811;1597.2;1;9654213380;B
20240220;100811;1597;1;9654213394;S
20240220;100811;1597;3;9654213395;S
20240220;100811;1596.2;6;9654213396;S
20240220;100811;1596;1;9654213397;S
20240220;100811;1596;1;9654213398;S
20240220;100811;1596;1;9654213399;S
20240220;100811;1596;1;9654213400;S
20240220;100811;1596;1;9654213401;S
20240220;100811;1596;1;9654213402;S
20240220;100811;1596;10;9654213403;S
20240220;100811;1595.4;18;9654213404;S
20240220;100811;1595.4;40;9654213405;S
20240220;100811;1595.4;5;9654213406;S
20240220;100811;1595.2;22;9654213407;S
20240220;100811;1595.2;5;9654213408;S
20240220;100811;1595.2;34;9654213409;S
20240220;100812;1596;1;9654213672;B
20240220;100815;1596.6;3;9654214128;B
20240220;100819;1597;1;9654214779;B
20240220;100819;1596.4;1;9654214799;S
20240220;100821;1597;4;9654215096;B
20240220;100821;1597.2;46;9654215097;B
20240220;100822;1597.2;2;9654215246;B
20240220;100828;1597.2;1;9654216574;B
20240220;100830;1596.6;2;9654216991;S
20240220;100831;1597.2;1;9654217275;B
20240220;100832;1597.2;1;9654217307;B
20240220;100832;1597.2;10;9654217339;B
20240220;100834;1596.6;2;9654217695;S
20240220;100834;1596.6;6;9654217696;S
20240220;100834;1596.4;50;9654217697;S
20240220;100834;1596.4;1;9654217698;S
20240220;100834;1596.2;41;9654217699;S
20240220;100834;1596.2;10;9654217844;S
20240220;100834;1597.2;1;9654217875;B
20240220;100835;1597.2;10;9654218041;B
20240220;100837;1597.2;2;9654218455;B
20240220;100838;1597;1;9654218570;B
20240220;100838;1596.6;1;9654218664;S
20240220;100838;1596.4;6;9654218665;S
20240220;100838;1596.2;23;9654218666;S
20240220;100843;1596.4;6;9654219362;S
20240220;100843;1596.2;14;9654219363;S
20240220;100843;1597;1;9654219420;B
20240220;100844;1597;3;9654219634;B
20240220;100847;1597;10;9654220097;B
20240220;100847;1597;1;9654220129;B
20240220;100849;1597;1;9654220474;B
20240220;100849;1597;1;9654220487;B
20240220;100850;1597;3;9654220644;B
20240220;100854;1597;1;9654221273;B
20240220;100856;1596.4;1;9654221467;S
20240220;100857;1597;4;9654221547;B
20240220;100858;1597;1;9654221802;B
20240220;100859;1597;6;9654221837;B
20240220;100900;1597;2;9654221943;B
20240220;100901;1596.4;1;9654222131;S
20240220;100901;1596.4;3;9654222132;S
20240220;100902;1597;1;9654222348;B
20240220;100902;1596.2;12;9654222349;S
20240220;100902;1596.2;16;9654222350;S
20240220;100902;1596;10;9654222351;S
20240220;100902;1596;1;9654222352;S
20240220;100902;1596;1;9654222353;S
20240220;100902;1596;1;9654222354;S
20240220;100902;1596;1;9654222355;S
20240220;100902;1596;6;9654222356;S
20240220;100902;1595.6;3;9654222357;S
20240220;100902;1595.6;10;9654222358;S
20240220;100902;1595.4;5;9654222359;S
20240220;100902;1595.4;2;9654222360;S
20240220;100902;1595.4;22;9654222361;S
20240220;100902;1595.4;50;9654222362;S
20240220;100902;1595.4;16;9654222363;S
20240220;100902;1595.4;10;9654222364;S
20240220;100902;1595.2;34;9654222365;S
20240220;100904;1596.8;1;9654222663;B
20240220;100905;1596.8;2;9654222707;B
20240220;100905;1596.8;2;9654222829;B
20240220;100908;1596.8;1;9654223240;B
20240220;100908;1596.2;6;9654223289;B
20240220;100909;1596.8;1;9654223394;B
20240220;100910;1596.8;1;9654223436;B
20240220;100915;1596.8;1;9654224496;B
20240220;100920;1596.2;16;9654225099;S
20240220;100920;1596.2;1;9654225100;S
20240220;100922;1597;2;9654225385;B
20240220;100925;1597;12;9654225793;B
20240220;100928;1596.2;1;9654226227;S
20240220;100933;1596.2;30;9654226781;S
20240220;100933;1596.2;1;9654226782;S
20240220;100933;1596.2;53;9654226783;S
20240220;100936;1597;1;9654227052;B
20240220;100936;1597;2;9654227118;B
20240220;100936;1597;18;9654227144;B
20240220;100940;1597;2;9654227713;B
20240220;100940;1597.2;3;9654227714;B
20240220;100941;1597.2;4;9654227822;B
20240220;100942;1596.4;122;9654227871;S
20240220;100942;1596.4;50;9654227906;S
20240220;100942;1596.4;28;9654227907;S
20240220;100942;1596.4;1;9654227908;S
20240220;100942;1596.2;21;9654227909;S
20240220;100942;1596.2;16;9654227913;S
20240220;100944;1596.8;15;9654228155;B
20240220;100947;1596.4;2;9654228646;S
20240220;100947;1596.4;6;9654228647;S
20240220;100947;1596.2;92;9654228648;S
20240220;100948;1596.2;100;9654228772;S
20240220;100952;1596.4;1;9654229316;B
20240220;100954;1596.4;24;9654229530;B
20240220;100958;1596.4;1;9654229989;B
20240220;100959;1596.4;2;9654230145;B
20240220;101001;1596.2;9;9654230437;S
20240220;101002;1596.4;20;9654230651;B
20240220;101002;1596.6;26;9654230652;B
20240220;101002;1596.6;2;9654230674;B
20240220;101002;1596.8;46;9654230710;B
20240220;101002;1596.8;1;9654230845;B
20240220;101003;1596.4;1;9654230920;S
20240220;101003;1596.2;8;9654230921;S
20240220;101004;1596.2;201;9654231028;S
20240220;101004;1596.2;1;9654231029;S
20240220;101004;1596;1;9654231030;S
20240220;101004;1596;1;9654231031;S
20240220;101004;1596;1;9654231032;S
20240220;101004;1596;4;9654231033;S
20240220;101004;1596;1;9654231034;S
20240220;101004;1596;2;9654231035;S
20240220;101004;1596;46;9654231036;S
20240220;101004;1596;1;9654231037;S
20240220;101004;1596.2;1;9654231042;B
20240220;101004;1596;1;9654231083;S
20240220;101005;1596;1;9654231238;B
20240220;101006;1595.6;5;9654231362;S
20240220;101006;1595.4;1;9654231363;S
20240220;101007;1596.2;3;9654231526;B
20240220;101007;1596.2;5;9654231548;B
20240220;101008;1596.2;1;9654231669;B
20240220;101008;1596.2;1;9654231774;B
20240220;101009;1596.2;5;9654231796;B
20240220;101010;1596.2;39;9654231966;B
20240220;101011;1596.2;5;9654232044;B
20240220;101011;1596.2;1;9654232055;B
20240220;101014;1596.2;63;9654232412;B
20240220;101014;1596;2;9654232487;S
20240220;101015;1596;1;9654232860;S
20240220;101016;1596.2;1;9654232898;B
20240220;101016;1596.2;9;9654232908;B
20240220;101016;1596.2;34;9654232909;B
20240220;101016;1596.2;7;9654232910;B
20240220;101016;1596.4;2;9654233146;B
20240220;101017;1596.4;4;9654233218;B
20240220;101019;1596.2;20;9654233460;S
20240220;101019;1596.4;2;9654233468;B
20240220;101019;1596.2;8;9654233474;S
20240220;101023;1596.4;30;9654233978;B
20240220;101023;1596.4;1;9654233980;B
20240220;101024;1596.2;1;9654234065;S
20240220;101025;1596.2;1;9654234147;S
20240220;101025;1596.2;6;9654234148;S
20240220;101025;1596.4;24;9654234175;B
20240220;101025;1596.2;4;9654234211;S
20240220;101025;1596.2;8;9654234212;S
20240220;101025;1596.2;1;9654234213;S
20240220;101025;1596;2;9654234214;S
20240220;101025;1596;1;9654234223;S
20240220;101025;1596;4;9654234224;S
20240220;101025;1595.8;5;9654234225;S
20240220;101025;1595.8;100;9654234228;S
20240220;101026;1596.2;1;9654234308;B
20240220;101027;1596.2;1;9654234417;B
20240220;101030;1596.2;1;9654234855;B
20240220;101031;1596.2;46;9654234902;B
20240220;101031;1596.2;46;9654235026;B
20240220;101033;1596.2;2;9654235369;B
20240220;101033;1596.2;40;9654235370;B
20240220;101034;1596.2;1;9654235398;S
20240220;101034;1596.4;3;9654235455;B
20240220;101035;1596.4;1;9654235579;B
20240220;101035;1596.4;46;9654235650;B
20240220;101036;1596.4;1;9654235742;B
20240220;101036;1596.4;46;9654235758;B
20240220;101040;1596.4;20;9654236377;B
20240220;101042;1596.4;3;9654236588;B
20240220;101043;1596.4;1;9654236818;B
20240220;101046;1596.4;2;9654237044;B
20240220;101047;1596.4;100;9654237269;B
20240220;101047;1596.2;7;9654237288;S
20240220;101047;1596;1;9654237289;S
20240220;101047;1596;42;9654237290;S
20240220;101049;1596.4;7;9654237419;B
20240220;101051;1596.4;2;9654237802;B
20240220;101052;1596.4;1;9654238004;B
20240220;101053;1596.4;2;9654238103;B
20240220;101053;1596.4;1;9654238133;B
20240220;101057;1596.2;2;9654238671;B
20240220;101057;1596.2;1;9654238782;B
20240220;101058;1596.2;1;9654238795;B
20240220;101058;1596.2;1;9654238823;B
20240220;101102;1596.2;1;9654239690;B
20240220;101102;1596.2;5;9654239696;B
20240220;101103;1596.2;15;9654239848;B
20240220;101104;1596.2;1;9654239986;B
20240220;101107;1596.2;1;9654240569;B
20240220;101109;1596.2;1;9654240941;B
20240220;101110;1596;20;9654241085;S
20240220;101110;1596;1;9654241086;S
20240220;101110;1596;1;9654241087;S
20240220;101110;1595.8;3;9654241088;S
20240220;101114;1595.8;5;9654241835;S
20240220;101114;1596.2;5;9654241966;B
20240220;101115;1596.2;2;9654242070;B
20240220;101117;1595.8;887;9654242481;S
20240220;101117;1595.8;5;9654242482;S
20240220;101118;1595.8;1;9654242653;B
20240220;101120;1595.6;2;9654242919;S
20240220;101120;1595.4;1;9654242920;S
20240220;101120;1595.4;1;9654242921;S
20240220;101120;1595.4;5;9654242922;S
20240220;101120;1595.4;4;9654242923;S
20240220;101120;1595.4;2;9654242924;S
20240220;101120;1595.8;1;9654243083;B
20240220;101122;1595.8;3;9654243239;B
20240220;101124;1595.4;2;9654243613;S
20240220;101124;1595.2;1;9654243614;S
20240220;101125;1595.2;49;9654243682;S
20240220;101125;1595.2;9;9654243683;S
20240220;101127;1595.8;1;9654244108;B
20240220;101127;1595.2;1;9654244122;S
20240220;101127;1595.2;1;9654244123;S
20240220;101128;1595.8;7;9654244289;B
20240220;101128;1596;11;9654244290;B
20240220;101129;1595.4;6;9654244394;S
20240220;101134;1596;2;9654245175;B
20240220;101135;1596;1;9654245271;B
20240220;101135;1596;9;9654245324;B
20240220;101135;1595.8;1;9654245386;S
20240220;101135;1595.6;11;9654245387;S
20240220;101135;1595.4;44;9654245388;S
20240220;101135;1595.4;2;9654245389;S
20240220;101135;1595.2;2;9654245390;S
20240220;101135;1595.2;115;9654245391;S
20240220;101135;1595.2;2;9654245392;S
20240220;101135;1595.2;1;9654245393;S
20240220;101135;1595.2;38;9654245394;S
20240220;101135;1595.2;1;9654245395;S
20240220;101135;1595;83;9654245396;S
20240220;101135;1595;2;9654245397;S
20240220;101135;1595;4;9654245398;S
20240220;101135;1595;20;9654245399;S
20240220;101135;1595;3;9654245400;S
20240220;101135;1595;171;9654245401;S
20240220;101137;1595.8;1;9654245607;S
20240220;101139;1596;5;9654245968;B
20240220;101143;1596;1;9654246574;B
20240220;101143;1596;5;9654246614;B
20240220;101145;1596;3;9654247056;B
20240220;101149;1596;1;9654247681;B
20240220;101151;1596;4;9654247990;B
20240220;101152;1596;2;9654248023;B
20240220;101156;1596;1;9654248968;B
20240220;101157;1596;1;9654249033;B
20240220;101157;1596;1;9654249054;B
20240220;101157;1596;2;9654249102;B
20240220;101201;1596;1;9654249652;B
20240220;101202;1596;5;9654249779;B
20240220;101203;1596;1;9654249842;B
20240220;101204;1596;1;9654250068;B
20240220;101204;1596;1;9654250069;B
20240220;101206;1595.8;1;9654250612;S
20240220;101207;1595.8;1;9654250857;S
20240220;101207;1595.8;2;9654250858;S
20240220;101207;1595.8;1;9654250859;S
20240220;101207;1595.8;10;9654250878;B
20240220;101207;1595.8;1;9654250924;B
20240220;101208;1595.8;1;9654251043;B
20240220;101209;1595.8;1;9654251128;B
20240220;101209;1595.8;1;9654251164;B
20240220;101209;1595.8;2;9654251512;B
20240220;101209;1595.8;3;9654251513;B
20240220;101210;1595.8;1;9654251555;B
20240220;101210;1596;1;9654251619;B
20240220;101210;1596;2;9654251640;B
20240220;101210;1596;3;9654251642;B
20240220;101210;1596;19;9654251643;B
20240220;101212;1596;1;9654251966;B
20240220;101212;1596;1;9654252063;B
20240220;101213;1596;1;9654252092;B
20240220;101215;1595.6;1;9654252538;S
20240220;101215;1595.4;1;9654252539;S
20240220;101220;1596;15;9654253378;B
20240220;101220;1596;1;9654253390;B
20240220;101221;1595.2;1;9654253551;S
20240220;101223;1596;2;9654253897;B
20240220;101228;1596;100;9654254767;B
20240220;101230;1595.8;1;9654255047;S
20240220;101230;1595.8;1;9654255048;S
20240220;101230;1595.4;2;9654255049;S
20240220;101230;1595.4;2;9654255050;S
20240220;101230;1595.2;50;9654255051;S
20240220;101230;1595.2;5;9654255052;S
20240220;101230;1595.2;31;9654255053;S
20240220;101230;1595.2;5;9654255054;S
20240220;101230;1595;23;9654255055;S
20240220;101232;1595.8;10;9654255425;B
20240220;101232;1596;10;9654255426;B
20240220;101232;1596;5;9654255452;B
20240220;101234;1596;1;9654255730;B
20240220;101236;1595.8;1;9654256019;B
20240220;101240;1595.8;10;9654256499;B
20240220;101240;1595.8;5;9654256504;B
20240220;101241;1595.8;25;9654256765;B
20240220;101244;1595.8;10;9654257203;B
20240220;101245;1595.8;100;9654257283;B
20240220;101248;1595.8;2;9654257772;B
20240220;101251;1595.8;1;9654258155;B
20240220;101254;1595.8;1;9654258596;B
20240220;101255;1595.8;5;9654258746;B
20240220;101258;1595.2;22;9654259373;S
20240220;101258;1595.2;19;9654259374;S
20240220;101300;1595.8;21;9654259673;B
20240220;101300;1595.8;53;9654259674;B
20240220;101300;1596;266;9654259675;B
20240220;101300;1596;50;9654259676;B
20240220;101300;1596;11;9654259677;B
20240220;101300;1596;140;9654259678;B
20240220;101300;1596;2;9654259679;B
20240220;101300;1596;22;9654259680;B
20240220;101300;1596;94;9654259724;S
20240220;101301;1596;6;9654259895;S
20240220;101301;1596.2;3;9654259914;B
20240220;101302;1596.2;2;9654259967;B
20240220;101303;1596;1;9654260063;S
20240220;101308;1596.2;1;9654260973;B
20240220;101308;1596;1;9654260980;S
20240220;101308;1596.2;3;9654260981;B
20240220;101308;1596.2;2;9654260982;B
20240220;101309;1596;3;9654261099;S
20240220;101310;1596;10;9654261257;S
20240220;101311;1596.2;1;9654261483;B
20240220;101312;1596.2;1;9654261595;B
20240220;101313;1596.2;1;9654261693;B
20240220;101317;1596;279;9654262150;S
20240220;101317;1596.2;2;9654262161;B
20240220;101317;1596.2;13;9654262162;B
20240220;101318;1596.2;1;9654262250;B
20240220;101320;1596.4;50;9654262539;B
20240220;101322;1596.2;10;9654262696;B
20240220;101322;1596.2;2;9654262709;B
20240220;101324;1596;11;9654262983;S
20240220;101329;1596.2;1;9654263546;B
20240220;101329;1596.2;2;9654263587;B
20240220;101330;1596.2;10;9654263677;B
20240220;101330;1596.2;25;9654263823;B
20240220;101330;1596.2;62;9654263824;B
20240220;101330;1596.2;3;9654263825;B
20240220;101330;1596.2;12;9654263826;B
20240220;101330;1596.4;278;9654263827;B
20240220;101332;1596.2;25;9654264032;S
20240220;101332;1596.2;1;9654264039;S
20240220;101332;1596.4;3;9654264075;B
20240220;101332;1596.2;6;9654264086;S
20240220;101333;1596.4;10;9654264225;B
20240220;101334;1596.4;3;9654264302;B
20240220;101336;1596.2;40;9654264813;S
20240220;101337;1596.2;3;9654265022;S
20240220;101339;1596.4;4;9654265339;B
20240220;101340;1596.4;1;9654265599;B
20240220;101341;1596.4;1;9654265699;B
20240220;101341;1596.4;2;9654265713;B
20240220;101342;1596.4;5;9654265778;B
20240220;101343;1596.4;1;9654266086;B
20240220;101346;1596.4;2;9654266395;B
20240220;101346;1596.4;1;9654266396;B
20240220;101347;1596.4;37;9654266542;B
20240220;101348;1596.4;2;9654266849;B
20240220;101348;1596.4;20;9654266875;B
20240220;101350;1596.2;4;9654267207;S
20240220;101350;1596.4;150;9654267225;B
20240220;101351;1596.2;18;9654267464;S
20240220;101351;1596.2;1;9654267465;S
20240220;101351;1596.2;9;9654267466;S
20240220;101351;1596.2;10;9654267467;S
20240220;101351;1596.2;2;9654267468;S
20240220;101351;1596.2;2;9654267489;S
20240220;101352;1596.4;3;9654267577;B
20240220;101352;1596.4;1;9654267582;B
20240220;101353;1596.4;5;9654267913;B
20240220;101355;1596.2;31;9654268119;S
20240220;101355;1596.2;69;9654268120;S
20240220;101356;1596.4;20;9654268201;B
20240220;101357;1596.4;2;9654268298;B
20240220;101358;1596.4;150;9654268459;B
20240220;101358;1596.4;3;9654268470;B
20240220;101358;1596.4;21;9654268477;B
20240220;101359;1596.4;2;9654268687;B
20240220;101401;1596.4;163;9654268959;B
20240220;101403;1596.4;2;9654269166;B
20240220;101403;1596.4;200;9654269239;B
20240220;101404;1596.4;1;9654269392;B
20240220;101405;1596.4;2;9654269509;B
20240220;101405;1596.4;1;9654269559;B
20240220;101406;1596.2;1;9654269789;S
20240220;101408;1596.2;4;9654270160;S
20240220;101410;1596.4;1;9654270385;B
20240220;101411;1596.4;2;9654270461;B
20240220;101414;1596.4;1;9654270959;B
20240220;101414;1596.4;7;9654270963;B
20240220;101415;1596.4;5;9654271180;B
20240220;101417;1596.4;1;9654271411;B
20240220;101418;1596.2;1;9654271469;S
20240220;101418;1596.2;1;9654271470;S
20240220;101419;1596.4;2;9654271693;B
20240220;101419;1596.4;1;9654271744;B
20240220;101421;1596.4;300;9654271930;B
20240220;101421;1596.4;1;9654271932;B
20240220;101421;1596.2;1;9654271962;S
20240220;101422;1596.2;12;9654272098;S
20240220;101423;1596.2;1;9654272146;B
20240220;101423;1596.2;1;9654272251;B
20240220;101425;1596.2;6;9654272491;B
20240220;101425;1596.2;2;9654272508;B
20240220;101426;1596.2;1;9654272648;B
20240220;101426;1596.2;1;9654272649;B
20240220;101426;1596.2;1;9654272663;B
20240220;101431;1596.2;1;9654273387;B
20240220;101431;1596.2;15;9654273399;B
20240220;101431;1596.2;3;9654273407;B
20240220;101432;1596.2;1;9654273513;B
20240220;101434;1596.2;1;9654274038;B
20240220;101436;1596.2;2;9654274266;B
20240220;101436;1596.2;2;9654274519;B
20240220;101439;1596.2;2;9654275360;B
20240220;101441;1596.2;2;9654276249;B
20240220;101441;1596.2;1;9654276286;B
20240220;101442;1596.2;5;9654276303;B
20240220;101444;1596.2;20;9654276762;S
20240220;101445;1596.4;1;9654276956;B
20240220;101449;1596.4;20;9654277576;B
20240220;101451;1596.4;2;9654277866;B
20240220;101452;1596.4;50;9654278024;B
20240220;101453;1596.4;18;9654278214;B
20240220;101453;1596.4;50;9654278216;B
20240220;101454;1596.4;5;9654278405;B
20240220;101456;1596.4;2;9654278813;B
20240220;101456;1596.2;5;9654278814;S
20240220;101456;1596.2;25;9654278815;S
20240220;101456;1596.4;22;9654278829;B
20240220;101457;1596.4;18;9654278935;B
20240220;101458;1596.4;129;9654279063;B
20240220;101458;1596.4;5;9654279153;B
20240220;101501;1596.4;1;9654279662;B
20240220;101501;1596.2;3;9654279664;S
20240220;101502;1596.4;40;9654279908;B
20240220;101502;1596.4;50;9654279931;B
20240220;101505;1596.4;133;9654280358;B
20240220;101505;1596.4;67;9654280359;B
20240220;101505;1596.2;1;9654280360;S
20240220;101505;1596.2;10;9654280361;S
20240220;101505;1596.2;1;9654280362;S
20240220;101505;1596;1;9654280553;S
20240220;101505;1596;10;9654280554;S
20240220;101505;1596;1;9654280555;S
20240220;101505;1596;6;9654280556;S
20240220;101506;1596.4;2;9654280633;B
20240220;101506;1596.4;1;9654280693;B
20240220;101508;1596.4;4;9654280893;B
20240220;101508;1596.4;1;9654280955;B
20240220;101511;1596.2;1;9654281444;B
20240220;101512;1596.2;1;9654281741;B
20240220;101519;1596.2;1;9654283606;B
20240220;101520;1596;4;9654283815;S
20240220;101520;1596;3;9654283816;S
20240220;101520;1596;5;9654283817;S
20240220;101520;1596;5;9654283818;S
20240220;101520;1596;2;9654283819;S
20240220;101520;1596.2;1;9654283864;B
20240220;101523;1596.2;198;9654284469;B
20240220;101523;1596.2;17;9654284470;B
20240220;101523;1596.2;88;9654284471;B
20240220;101527;1596.4;1;9654285407;B
20240220;101530;1596.4;1;9654285913;B
20240220;101530;1596.4;21;9654285973;B
20240220;101530;1596.4;1;9654286000;B
20240220;101531;1596.4;3;9654286184;B
20240220;101531;1596.4;2;9654286200;B
20240220;101531;1596.4;1;9654286223;B
20240220;101532;1596.4;1;9654286365;B
20240220;101534;1596.4;20;9654286689;B
20240220;101534;1596.4;4;9654286704;B
20240220;101534;1596.4;17;9654286805;B
20240220;101536;1596.4;1;9654287276;B
20240220;101538;1596.4;300;9654287552;B
20240220;101538;1596.4;2;9654287592;B
20240220;101540;1596.4;2;9654287863;B
20240220;101540;1596.4;1;9654287952;B
20240220;101541;1596.4;1001;9654287989;B
20240220;101543;1596.4;446;9654288475;B
20240220;101543;1596.4;4;9654288476;B
20240220;101543;1596.4;21;9654288477;B
20240220;101543;1596.4;1;9654288478;B
20240220;101543;1596.4;20;9654288479;B
20240220;101543;1596.4;16;9654288480;B
20240220;101543;1596.4;1;9654288481;B
20240220;101543;1596.4;19;9654288482;B
20240220;101543;1596.4;2;9654288483;B
20240220;101543;1596.6;4;9654288484;B
20240220;101543;1596.6;6;9654288485;B
20240220;101544;1597;1;9654288614;B
20240220;101546;1597;99;9654289255;B
20240220;101546;1597;1;9654289256;B
20240220;101546;1597;19;9654289257;B
20240220;101546;1597.2;67;9654289258;B
20240220;101546;1597.2;18;9654289259;B
20240220;101546;1597.2;422;9654289260;B
20240220;101551;1597.2;515;9654290050;B
20240220;101557;1597.2;3;9654291090;B
20240220;101601;1597.2;1001;9654291980;B
20240220;101604;1597.2;597;9654292523;B
20240220;101604;1597.2;2;9654292524;B
20240220;101606;1597.4;1;9654292916;S
20240220;101607;1597.2;7;9654293265;S
20240220;101608;1598;1;9654293400;B
20240220;101608;1598;2;9654293401;B
20240220;101610;1598;1;9654293691;B
20240220;101611;1598;30;9654293874;B
20240220;101612;1597.8;5;9654294134;S
20240220;101612;1597.6;18;9654294135;S
20240220;101616;1598;1;9654294989;B
20240220;101619;1597.8;1;9654295443;B
20240220;101619;1598;166;9654295444;B
20240220;101619;1598;103;9654295445;B
20240220;101619;1598;20;9654295446;B
20240220;101619;1598.4;10;9654295447;B
20240220;101619;1598.4;140;9654295592;B
20240220;101625;1597.6;1;9654296876;S
20240220;101625;1597.8;1;9654296891;B
20240220;101626;1597.8;1;9654296926;B
20240220;101626;1597.8;5;9654296941;B
20240220;101626;1597.8;3;9654296968;B
20240220;101626;1597.8;1;9654297038;B
20240220;101626;1597.8;1;9654297047;B
20240220;101628;1597.8;6;9654297301;B
20240220;101628;1597.8;4;9654297342;B
20240220;101628;1597.8;1;9654297355;B
20240220;101629;1597.8;177;9654297426;B
20240220;101629;1598.2;102;9654297427;B
20240220;101629;1598.2;20;9654297428;B
20240220;101629;1598.4;50;9654297429;B
20240220;101629;1598.6;5;9654297430;B
20240220;101629;1598.6;200;9654297431;B
20240220;101629;1598.6;6;9654297432;B
20240220;101629;1598.6;40;9654297433;B
20240220;101629;1598.8;5;9654297434;B
20240220;101629;1598.8;60;9654297435;B
20240220;101629;1599;1;9654297436;B
20240220;101629;1599;1;9654297437;B
20240220;101629;1599;1;9654297438;B
20240220;101629;1599;1;9654297439;B
20240220;101629;1599.6;10;9654297440;B
20240220;101629;1599.6;226;9654297441;B
20240220;101629;1599.8;226;9654297442;B
20240220;101629;1599.8;190;9654297443;B
20240220;101629;1600;2;9654297444;B
20240220;101629;1600;11;9654297445;B
20240220;101629;1600;20;9654297446;B
20240220;101629;1600;400;9654297447;B
20240220;101629;1600;1;9654297448;B
20240220;101629;1600;1;9654297449;B
20240220;101629;1600;3;9654297450;B
20240220;101629;1600;50;9654297451;B
20240220;101629;1600.2;30;9654297452;B
20240220;101629;1600.2;1;9654297453;B
20240220;101629;1600.2;1;9654297454;B
20240220;101629;1600.2;394;9654297455;B
20240220;101629;1600;42;9654297530;B
20240220;101629;1600.2;94;9654297531;B
20240220;101629;1600.4;60;9654297532;B
20240220;101629;1600.4;102;9654297533;B
20240220;101629;1600.6;50;9654297534;B
20240220;101629;1600.6;1;9654297535;B
20240220;101629;1600.8;51;9654297536;B
20240220;101629;1598.2;22;9654297537;S
20240220;101629;1598.2;178;9654297538;S
20240220;101632;1599.8;1;9654298063;B
20240220;101636;1599.6;21;9654298985;B
20240220;101636;1599.8;16;9654298986;B
20240220;101636;1598.4;1;9654298992;S
20240220;101642;1599.6;1;9654300120;B
20240220;101642;1599.8;55;9654300121;B
20240220;101645;1598.4;4;9654300562;S
20240220;101646;1599.6;1;9654300767;B
20240220;101646;1599.8;1;9654300768;B
20240220;101651;1598.4;1;9654301646;S
20240220;101657;1598.4;14;9654302433;S
20240220;101657;1598.4;6;9654302434;S
20240220;101658;1599.4;1;9654302657;B
20240220;101658;1599.4;5;9654302658;B
20240220;101701;1598.4;16;9654303024;S
20240220;101701;1598.4;10;9654303025;S
20240220;101701;1598.2;4;9654303026;S
20240220;101701;1598;1;9654303027;S
20240220;101701;1598;1;9654303028;S
20240220;101701;1598;18;9654303029;S
20240220;101701;1597.8;17;9654303030;S
20240220;101701;1597.6;1;9654303031;S
20240220;101701;1597.6;1;9654303032;S
20240220;101701;1597.6;104;9654303033;S
20240220;101701;1597.4;100;9654303034;S
20240220;101701;1597.2;4;9654303035;S
20240220;101701;1597.2;3;9654303036;S
20240220;101701;1597.2;40;9654303037;S
20240220;101701;1597;2;9654303038;S
20240220;101701;1597;1;9654303039;S
20240220;101701;1597;1;9654303040;S
20240220;101701;1597;10;9654303041;S
20240220;101701;1597;82;9654303042;S
20240220;101705;1598.8;2;9654303714;S
20240220;101705;1598.8;2;9654303733;B
20240220;101708;1598;4;9654304301;S
20240220;101708;1597.6;1;9654304302;S
20240220;101710;1599.2;1;9654304630;B
20240220;101710;1599.2;4;9654304631;B
20240220;101710;1599.2;15;9654304632;B
20240220;101715;1599.4;1;9654305375;B
20240220;101717;1598.8;1;9654305806;B
20240220;101717;1599;1;9654305807;B
20240220;101719;1599.2;1;9654306222;B
20240220;101720;1598.2;1;9654306469;S
20240220;101720;1598.2;13;9654306470;S
20240220;101722;1598.8;1;9654306679;B
20240220;101722;1598.8;6;9654306680;B
20240220;101724;1599;1;9654306961;B
20240220;101725;1598.2;22;9654307071;S
20240220;101725;1598;27;9654307072;S
20240220;101726;1599;5;9654307159;B
20240220;101730;1598.8;7;9654307878;B
20240220;101731;1598.8;1;9654308009;B
20240220;101733;1598;1;9654308548;S
20240220;101741;1598;31;9654309952;S
20240220;101746;1598;1;9654310731;S
20240220;101746;1598;1;9654310732;S
20240220;101746;1598;1;9654310733;S
20240220;101746;1598;43;9654310734;S
20240220;101746;1598;5;9654310762;S
20240220;101746;1598;27;9654310763;S
20240220;101746;1598;1;9654310764;S
20240220;101747;1597.6;20;9654311001;S
20240220;101748;1597.4;7;9654311247;B
20240220;101748;1598;1;9654311267;B
20240220;101748;1598;7;9654311268;B
20240220;101749;1597.2;5;9654311383;S
20240220;101750;1597.4;1;9654311436;B
20240220;101750;1597.4;1;9654311437;B
20240220;101750;1598.4;1;9654311466;B
20240220;101750;1597.4;22;9654311493;S
20240220;101750;1597.4;4;9654311494;B
20240220;101754;1597.4;1;9654311943;B
20240220;101754;1597.4;15;9654311968;S
20240220;101755;1597.2;19;9654312029;S
20240220;101756;1597.2;9;9654312220;S
20240220;101758;1597.4;1;9654312448;B
20240220;101759;1597.4;1;9654312646;B
20240220;101802;1597.4;3;9654313088;B
20240220;101802;1597.4;1;9654313146;B
20240220;101803;1597.4;1;9654313259;B
20240220;101804;1597.4;40;9654313357;B
20240220;101805;1597.4;46;9654313617;B
20240220;101805;1597.8;1;9654313618;B
20240220;101805;1597.8;1;9654313619;B
20240220;101805;1597.8;1;9654313620;B
20240220;101805;1597.8;1;9654313621;B
20240220;101814;1597.8;2;9654314808;B
20240220;101817;1597.8;1;9654315391;B
20240220;101819;1597.8;2;9654315765;B
20240220;101820;1597.8;1;9654315911;B
20240220;101821;1598;2;9654316137;B
20240220;101822;1598;1;9654316263;B
20240220;101827;1597.8;1;9654317030;S
20240220;101827;1597.8;1;9654317031;S
20240220;101827;1597.4;5;9654317032;S
20240220;101827;1597.4;8;9654317033;S
20240220;101832;1598;5;9654317701;B
20240220;101833;1597.4;1;9654317894;S
20240220;101833;1597.4;2;9654317913;S
20240220;101837;1598;1;9654318673;B
20240220;101840;1598;5;9654319249;B
20240220;101841;1598;8;9654319434;B
20240220;101841;1598;42;9654319435;B
20240220;101844;1598;1;9654320628;B
20240220;101844;1598.4;9;9654320647;B
20240220;101844;1598.6;1;9654320648;B
20240220;101848;1598;46;9654321639;B
20240220;101850;1598;4;9654321892;S
20240220;101850;1598;1;9654321893;S
20240220;101850;1597.6;10;9654321894;S
20240220;101850;1597.6;22;9654321895;S
20240220;101850;1597.4;3;9654321896;S
20240220;101850;1597.4;1;9654321897;S
20240220;101850;1597.4;6;9654321898;S
20240220;101850;1597.2;2;9654321899;S
20240220;101852;1598.4;1;9654322457;B
20240220;101854;1598.4;5;9654323046;B
20240220;101858;1597.6;2;9654324179;B
20240220;101906;1598.2;1;9654326187;B
20240220;101913;1598.2;5;9654327929;B
20240220;101915;1598.4;1;9654328272;B
20240220;101923;1598;1;9654330280;S
20240220;101924;1598.2;2;9654330541;B
20240220;101924;1598.2;4;9654330542;B
20240220;101926;1598.4;2;9654331103;B
20240220;101936;1598;1;9654333504;S
20240220;101936;1598.4;6;9654333607;B
20240220;101946;1598.4;1;9654336193;B
20240220;101957;1598.2;5;9654338969;B
20240220;101957;1598.2;1;9654339054;B
20240220;101958;1598.4;2;9654339148;B
20240220;102000;1598;1;9654339849;S
20240220;102002;1598.6;3;9654340357;B
20240220;102007;1598.2;4;9654341226;B
20240220;102011;1598;19;9654342019;S
20240220;102011;1598;1;9654342020;S
20240220;102011;1598;2;9654342021;S
20240220;102011;1598;150;9654342022;S
20240220;102011;1598;1;9654342023;S
20240220;102011;1598;1;9654342024;S
20240220;102011;1598;2;9654342025;S
20240220;102011;1598;5;9654342026;S
20240220;102011;1598;1;9654342027;S
20240220;102011;1598;1;9654342028;S
20240220;102011;1598;20;9654342029;S
20240220;102011;1598;24;9654342030;S
20240220;102011;1598;50;9654342031;S
20240220;102012;1598;1;9654342201;B
20240220;102012;1598.2;4;9654342387;B
20240220;102013;1598.2;7;9654342520;B
20240220;102014;1598;2;9654342862;B
20240220;102015;1598.2;70;9654342917;B
20240220;102019;1598;10;9654344648;B
20240220;102022;1598;1;9654346092;B
20240220;102024;1598;3;9654347186;B
20240220;102024;1598;3;9654347404;B
20240220;102024;1598;13;9654347405;B
20240220;102024;1598;64;9654347406;B
20240220;102024;1598.2;103;9654347407;B
20240220;102024;1598.2;63;9654347408;B
20240220;102024;1598.4;254;9654347409;B
20240220;102029;1598.2;64;9654351293;B
20240220;102029;1598.2;13;9654351294;B
20240220;102029;1598.4;7;9654351295;B
20240220;102031;1598.2;1;9654351909;S
20240220;102031;1598.4;1;9654352254;B
20240220;102032;1598.2;1;9654352580;S
20240220;102033;1598.2;5;9654352722;B
20240220;102033;1598.2;5;9654352837;B
20240220;102033;1598.2;3;9654352894;B
20240220;102034;1598.2;37;9654352933;B
20240220;102039;1598.4;1;9654355758;B
20240220;102041;1598.2;3;9654356207;B
20240220;102041;1598;1;9654356213;S
20240220;102041;1598;2;9654356234;S
20240220;102042;1598.2;1;9654356488;B
20240220;102042;1598.4;3;9654357086;B
20240220;102048;1598;1;9654359649;S
20240220;102048;1598;1;9654359660;S
20240220;102048;1598.2;1;9654359700;B
20240220;102052;1598.2;1;9654360545;B
20240220;102052;1598.2;4;9654360546;B
20240220;102054;1598;2;9654360755;S
20240220;102054;1598.2;64;9654360775;B
20240220;102054;1598.2;1;9654360776;B
20240220;102054;1598.4;234;9654360777;B
20240220;102054;1598.4;19;9654360778;B
20240220;102054;1598.4;13;9654360779;B
20240220;102054;1598.4;150;9654360857;S
20240220;102054;1598.4;150;9654360863;S
20240220;102055;1598.6;6;9654362658;B
20240220;102056;1598.4;150;9654362811;S
20240220;102056;1598.4;150;9654362812;S
20240220;102057;1598.4;10;9654363007;S
20240220;102100;1598.4;150;9654363984;S
20240220;102100;1598.4;150;9654363985;S
20240220;102102;1598.8;13;9654364255;B
20240220;102103;1598.4;150;9654365452;S
20240220;102103;1598.4;149;9654365454;S
20240220;102103;1598.4;1;9654365455;S
20240220;102105;1598.2;1;9654366264;S
20240220;102105;1598;8;9654366265;S
20240220;102105;1598;11;9654366266;S
20240220;102105;1598;3;9654366267;S
20240220;102105;1598;1;9654366268;S
20240220;102105;1598;3;9654366269;S
20240220;102105;1598;1;9654366270;S
20240220;102105;1598;1;9654366271;S
20240220;102105;1598;100;9654366272;S
20240220;102105;1598;4;9654366273;S
20240220;102105;1598;13;9654366274;S
20240220;102105;1597.8;10;9654366275;S
20240220;102105;1597.6;1;9654366276;S
20240220;102105;1597.6;2;9654366277;S
20240220;102105;1597.6;2;9654366278;S
20240220;102105;1597.6;1;9654366279;S
20240220;102105;1597.6;2;9654366280;S
20240220;102105;1597.6;2;9654366281;S
20240220;102105;1597.6;1;9654366282;S
20240220;102105;1597.6;16;9654366283;S
20240220;102107;1598.2;1;9654366676;B
20240220;102108;1598;20;9654366986;S
20240220;102108;1597.8;13;9654366987;S
20240220;102108;1597.6;2;9654366988;S
20240220;102108;1597.6;2;9654366989;S
20240220;102108;1597.6;1;9654366990;S
20240220;102108;1597.6;2;9654366991;S
20240220;102108;1597.6;2;9654366992;S
20240220;102108;1597.4;30;9654366993;S
20240220;102108;1597.4;10;9654366994;S
20240220;102108;1597;5;9654366995;S
20240220;102108;1597;20;9654366996;S
20240220;102108;1597;3;9654366997;S
20240220;102108;1597;1;9654366998;S
20240220;102108;1597;5;9654366999;S
20240220;102108;1597;1;9654367000;S
20240220;102108;1597;1;9654367001;S
20240220;102108;1597;1;9654367002;S
20240220;102108;1597;22;9654367003;S
20240220;102108;1596.8;4;9654367004;S
20240220;102108;1596.6;5;9654367005;S
20240220;102108;1596.6;138;9654367006;S
20240220;102108;1597.6;2;9654367011;S
20240220;102108;1597.6;2;9654367017;B
20240220;102108;1597.6;1;9654367023;B
20240220;102108;1597.6;2;9654367025;B
20240220;102108;1597.6;2;9654367034;B
20240220;102108;1597.6;2;9654367036;B
20240220;102108;1597.6;2;9654367048;B
20240220;102108;1597.6;1;9654367053;B
20240220;102108;1597.6;2;9654367056;B
20240220;102108;1597.6;2;9654367059;B
20240220;102108;1597.6;2;9654367061;B
20240220;102108;1597.6;2;9654367067;B
20240220;102108;1597.6;1;9654367068;B
20240220;102108;1597.6;1;9654367069;B
20240220;102108;1597.6;1;9654367070;S
20240220;102108;1597.6;2;9654367071;B
20240220;102108;1597.6;2;9654367073;B
20240220;102108;1597.6;2;9654367084;B
20240220;102108;1597.6;1;9654367085;B
20240220;102108;1597.6;2;9654367086;B
20240220;102108;1597.6;2;9654367088;B
20240220;102108;1597.6;2;9654367089;B
20240220;102108;1597.6;2;9654367094;B
20240220;102108;1597.6;1;9654367095;B
20240220;102108;1597.6;2;9654367097;B
20240220;102108;1597.6;2;9654367098;B
20240220;102108;1597.6;2;9654367099;B
20240220;102108;1597.6;2;9654367101;B
20240220;102108;1597.6;1;9654367102;B
20240220;102108;1597.6;1;9654367105;B
20240220;102108;1597.6;2;9654367111;B
20240220;102108;1597.6;2;9654367112;B
20240220;102108;1597.6;2;9654367117;B
20240220;102108;1597.6;2;9654367122;S
20240220;102108;1597.6;2;9654367123;S
20240220;102108;1597.6;2;9654367150;S
20240220;102109;1597.6;2;9654368002;S
20240220;102109;1597.6;2;9654368003;S
20240220;102109;1596.6;22;9654368004;S
20240220;102109;1596.6;124;9654368005;S
20240220;102109;1596.6;6;9654368006;S
20240220;102109;1596.4;1;9654368007;S
20240220;102109;1596.4;3;9654368008;S
20240220;102109;1596.4;1;9654368009;S
20240220;102109;1596.4;139;9654368010;S
20240220;102109;1597.4;2;9654368016;B
20240220;102109;1597.4;2;9654368017;B
20240220;102111;1596.4;5;9654368397;S
20240220;102111;1596.4;1;9654368398;S
20240220;102111;1596.4;22;9654368399;S
20240220;102111;1596.4;1;9654368400;S
20240220;102111;1596.4;13;9654368401;S
20240220;102111;1596.2;1;9654368402;S
20240220;102111;1596.2;7;9654368403;S
20240220;102111;1596.2;1;9654368404;S
20240220;102111;1596.2;4;9654368405;S
20240220;102111;1596.2;2;9654368406;S
20240220;102111;1596.2;1;9654368407;S
20240220;102111;1596.2;46;9654368408;S
20240220;102111;1596.2;1;9654368409;S
20240220;102111;1596.2;1;9654368410;S
20240220;102111;1596;13;9654368411;S
20240220;102111;1596;30;9654368412;S
20240220;102111;1596;1;9654368413;S
20240220;102111;1596;5;9654368414;S
20240220;102111;1596;1;9654368415;S
20240220;102111;1596;1;9654368416;S
20240220;102111;1596;1;9654368417;S
20240220;102111;1596;4;9654368418;S
20240220;102111;1596;3;9654368419;S
20240220;102111;1596;5;9654368420;S
20240220;102111;1596;5;9654368421;S
20240220;102111;1596;1;9654368422;S
20240220;102111;1596;62;9654368423;S
20240220;102111;1596;1;9654368424;S
20240220;102111;1596;1;9654368425;S
20240220;102111;1596;14;9654368426;S
20240220;102112;1597.4;18;9654368434;B
20240220;102112;1597.4;188;9654368435;B
20240220;102112;1597.4;13;9654368436;B
20240220;102112;1597.6;64;9654368437;B
20240220;102112;1597.8;46;9654368438;B
20240220;102112;1598;4;9654368439;B
20240220;102112;1598.2;167;9654368440;B
20240220;102113;1596.4;7;9654368788;S
20240220;102113;1596.4;15;9654368926;S
20240220;102113;1596.2;135;9654368927;S
20240220;102114;1597.6;1;9654368993;B
20240220;102114;1596.2;32;9654369005;S
20240220;102114;1596.2;4;9654369006;S
20240220;102114;1596.2;22;9654369007;S
20240220;102114;1596.2;13;9654369008;S
20240220;102114;1596;46;9654369009;S
20240220;102124;1596.8;22;9654372557;B
20240220;102124;1597.2;53;9654372558;B
20240220;102124;1597;22;9654372722;B
20240220;102124;1597.2;188;9654372723;B
20240220;102124;1597.4;60;9654372724;B
20240220;102124;1597.6;64;9654372725;B
20240220;102124;1597.6;60;9654372726;B
20240220;102124;1598;40;9654372727;B
20240220;102124;1598.2;1;9654372728;B
20240220;102124;1598.2;60;9654372729;B
20240220;102124;1598.2;4;9654372730;B
20240220;102124;1598.2;15;9654372731;B
20240220;102124;1598.4;50;9654372732;B
20240220;102124;1598.8;4;9654372733;B
20240220;102124;1598.8;2;9654372734;B
20240220;102124;1598.8;226;9654372735;B
20240220;102124;1598.8;204;9654372736;B
20240220;102126;1598;6;9654374194;S
20240220;102126;1598;4;9654374195;S
20240220;102131;1598;8;9654376905;B
20240220;102137;1598;1;9654380095;B
20240220;102142;1598;1;9654383318;B
20240220;102145;1597.6;7;9654384118;S
20240220;102145;1597.4;43;9654384119;S
20240220;102149;1597.6;2;9654385852;B
20240220;102151;1597.6;2;9654386944;B
20240220;102154;1597.4;1;9654388115;B
20240220;102200;1597.6;1;9654391074;B
20240220;102200;1597.6;2;9654391075;B
20240220;102200;1597.6;18;9654391076;B
20240220;102201;1598.2;10;9654391172;B
20240220;102201;1597.2;7;9654391414;S
20240220;102202;1598.2;2;9654392109;B
20240220;102204;1597.6;1;9654392751;S
20240220;102204;1597.4;11;9654392752;S
20240220;102204;1597.2;22;9654392753;S
20240220;102204;1597.2;204;9654392754;S
20240220;102204;1597;270;9654392755;S
20240220;102204;1597;60;9654392756;S
20240220;102204;1596.4;40;9654392757;S
20240220;102204;1596.2;100;9654392758;S
20240220;102204;1596.2;4;9654392759;S
20240220;102204;1596.2;15;9654392760;S
20240220;102204;1596;140;9654392761;S
20240220;102204;1596;1;9654392762;S
20240220;102204;1596;1;9654392763;S
20240220;102204;1596;1;9654392764;S
20240220;102204;1596;1;9654392765;S
20240220;102204;1596;1;9654392766;S
20240220;102204;1596;1;9654392767;S
20240220;102204;1596;10;9654392768;S
20240220;102204;1596;15;9654392769;S
20240220;102204;1596;9;9654392770;S
20240220;102204;1596;1;9654392771;S
20240220;102204;1596;1;9654392772;S
20240220;102204;1596;1;9654392773;S
20240220;102204;1596;2;9654392774;S
20240220;102204;1596;1;9654392775;S
20240220;102204;1596;1;9654392776;S
20240220;102204;1596;1;9654392777;S
20240220;102204;1595.8;10;9654392778;S
20240220;102204;1595.8;1;9654392779;S
20240220;102204;1595.8;1;9654392780;S
20240220;102204;1595.8;1;9654392781;S
20240220;102204;1595.8;20;9654392782;S
20240220;102204;1595.8;65;9654392783;S
20240220;102204;1595.6;1;9654392784;S
20240220;102204;1595.6;1;9654392785;S
20240220;102204;1595.6;226;9654392786;S
20240220;102204;1595.6;188;9654392787;S
20240220;102204;1595.4;4;9654392788;S
20240220;102204;1595.4;50;9654392789;S
20240220;102204;1595.4;79;9654392790;S
20240220;102204;1595.4;2;9654392791;S
20240220;102204;1595.4;1;9654392792;S
20240220;102204;1595.4;2;9654392793;S
20240220;102204;1595.4;60;9654392794;S
20240220;102204;1595.2;31;9654392795;S
20240220;102204;1595.2;5;9654392796;S
20240220;102204;1595.2;5;9654392797;S
20240220;102204;1595.2;1;9654392798;S
20240220;102204;1595.2;1;9654392799;S
20240220;102204;1595.2;1;9654392800;S
20240220;102204;1595.2;10;9654392801;S
20240220;102204;1595.2;15;9654392802;S
20240220;102204;1595.2;32;9654392803;S
20240220;102204;1595.2;1;9654392804;S
20240220;102204;1595.2;1;9654392805;S
20240220;102204;1595;770;9654392806;S
20240220;102208;1595.8;1;9654394045;S
20240220;102209;1596.2;1;9654394206;B
20240220;102211;1596.2;2;9654395255;B
20240220;102213;1596.2;1;9654395656;B
20240220;102213;1596.2;1;9654395657;B
20240220;102213;1596.2;2;9654395658;B
20240220;102213;1596.2;1;9654395660;B
20240220;102215;1596.4;22;9654396690;B
20240220;102215;1596.4;55;9654396691;B
20240220;102215;1596.6;60;9654396692;B
20240220;102215;1596.6;60;9654396693;B
20240220;102215;1596.6;11;9654396694;B
20240220;102215;1597.6;60;9654396695;B
20240220;102215;1597.8;18;9654396696;B
20240220;102215;1597.8;40;9654396697;B
20240220;102215;1598;5;9654396698;B
20240220;102215;1598.4;226;9654396699;B
20240220;102215;1598.6;18;9654396700;B
20240220;102215;1598.6;63;9654396701;B
20240220;102215;1598.6;226;9654396702;B
20240220;102215;1598.6;136;9654396703;B
20240220;102216;1596.6;1;9654397324;S
20240220;102222;1596.6;1;9654399898;S
20240220;102222;1596.4;2;9654399899;S
20240220;102232;1596.6;50;9654404130;S
20240220;102234;1596.6;2;9654404927;B
20240220;102240;1596.6;1;9654406947;B
20240220;102242;1596.4;1;9654408503;S
20240220;102243;1596.8;1;9654408713;B
20240220;102245;1596.8;2;9654409717;B
20240220;102250;1596.2;1;9654410952;S
20240220;102255;1596.2;2;9654414055;S
20240220;102255;1596.2;10;9654414056;S
20240220;102255;1596.2;2;9654414057;S
20240220;102255;1596;1;9654414058;S
20240220;102255;1596;4;9654414059;S
20240220;102255;1596;22;9654414060;S
20240220;102255;1596;1;9654414061;S
20240220;102255;1596;1;9654414062;S
20240220;102255;1596;60;9654414063;S
20240220;102301;1596;1;9654415663;B
20240220;102303;1596;1;9654416113;B
20240220;102305;1595.6;10;9654417201;S
20240220;102310;1596;5;9654418949;B
20240220;102310;1596;1;9654419137;B
20240220;102311;1596;89;9654419566;B
20240220;102311;1596.2;12;9654419567;B
20240220;102311;1596.2;2;9654419568;B
20240220;102311;1596.2;33;9654419569;B
20240220;102311;1596.2;27;9654419570;B
20240220;102311;1596.4;5;9654419571;B
20240220;102312;1596.6;1;9654419860;S
20240220;102312;1596.4;10;9654419880;S
20240220;102313;1596.2;11;9654420068;S
20240220;102313;1596.2;2;9654420134;S
20240220;102319;1596.6;10;9654422522;S
20240220;102324;1596.4;4;9654423445;S
20240220;102324;1596.4;2;9654423446;S
20240220;102325;1597;1;9654424359;B
20240220;102325;1597;1;9654424360;B
20240220;102326;1596.2;18;9654424474;S
20240220;102326;1596.6;10;9654424605;S
20240220;102326;1596.6;60;9654424606;S
20240220;102326;1596.6;31;9654424607;S
20240220;102326;1596.6;18;9654424608;S
20240220;102330;1597;50;9654426401;S
20240220;102330;1596.8;10;9654426402;S
20240220;102335;1597;1;9654428127;S
20240220;102335;1596.8;10;9654428128;S
20240220;102335;1596.6;61;9654428129;S
20240220;102335;1596.6;1;9654428130;S
20240220;102337;1596.4;1;9654428634;S
20240220;102337;1596.4;7;9654428635;S
20240220;102342;1596.2;12;9654431224;S
20240220;102342;1596.2;60;9654431225;S
20240220;102343;1596.4;1;9654431274;S
20240220;102349;1596.6;1;9654433109;B
20240220;102351;1596.6;1;9654434155;B
20240220;102356;1596.6;1;9654436507;B
20240220;102359;1596.4;3;9654437950;S
20240220;102359;1596.6;2;9654437982;B
20240220;102359;1596.6;6;9654437983;B
20240220;102403;1596.6;1;9654438878;B
20240220;102404;1596.6;2;9654439179;B
20240220;102407;1596.2;1;9654440670;S
20240220;102407;1596.2;1;9654440671;S
20240220;102408;1596.6;91;9654440944;B
20240220;102408;1597;21;9654440945;B
20240220;102408;1597;51;9654440946;B
20240220;102408;1597;3;9654440947;B
20240220;102408;1597;10;9654440948;B
20240220;102408;1597.2;1;9654440949;B
20240220;102408;1597.2;11;9654440950;B
20240220;102408;1597.6;1;9654440951;B
20240220;102408;1597.8;4;9654440952;B
20240220;102408;1597.8;1;9654440953;B
20240220;102408;1597.8;1;9654440954;B
20240220;102408;1598;8;9654440955;B
20240220;102408;1598;63;9654440956;B
20240220;102408;1598;8;9654440957;B
20240220;102408;1598.2;188;9654440958;B
20240220;102408;1598.2;60;9654440959;B
20240220;102408;1598.4;100;9654440960;B
20240220;102408;1598.8;50;9654440961;B
20240220;102408;1599;100;9654440962;B
20240220;102408;1599;1;9654440963;B
20240220;102408;1599.4;1;9654440964;B
20240220;102408;1599.4;96;9654440965;B
20240220;102408;1599.4;130;9654440966;B
20240220;102408;1599;46;9654440967;B
20240220;102408;1599;26;9654440968;S
20240220;102408;1599;73;9654440969;S
20240220;102408;1599;52;9654440970;S
20240220;102408;1599;303;9654440971;S
20240220;102410;1598.8;1;9654441390;B
20240220;102410;1597.4;22;9654441414;S
20240220;102410;1597.4;4;9654441415;S
20240220;102410;1597.4;9;9654441416;S
20240220;102411;1597.4;7;9654441912;S
20240220;102412;1598;1;9654442245;B
20240220;102415;1598;1;9654442746;B
20240220;102416;1597.2;1;9654443578;S
20240220;102417;1598;1;9654444617;B
20240220;102418;1598;1;9654444942;B
20240220;102423;1598;2;9654445884;B
20240220;102425;1598;15;9654446704;B
20240220;102428;1597.2;5;9654447698;S
20240220;102430;1597.2;10;9654448201;S
20240220;102430;1597;56;9654448202;S
20240220;102430;1598;1;9654448274;B
20240220;102430;1598;1;9654448275;B
20240220;102430;1598;9;9654448276;B
20240220;102430;1598;10;9654448277;B
20240220;102430;1598.2;5;9654448278;B
20240220;102434;1598;1;9654449741;B
20240220;102434;1597.2;1;9654449810;S
20240220;102440;1598;1;9654451290;B
20240220;102442;1598;1;9654452210;B
20240220;102443;1597;4;9654452306;S
20240220;102443;1597;3;9654452307;S
20240220;102448;1598;4;9654453864;B
20240220;102448;1598;1;9654453865;B
20240220;102448;1598.2;10;9654453866;B
20240220;102448;1598.2;49;9654453867;B
20240220;102448;1598.4;60;9654453868;B
20240220;102448;1599.4;1;9654453869;B
20240220;102450;1598;12;9654455357;S
20240220;102452;1599;3;9654456020;B
20240220;102452;1598.8;12;9654456039;B
20240220;102452;1599;49;9654456040;B
20240220;102452;1599;7;9654456041;B
20240220;102452;1599;60;9654456042;B
20240220;102452;1599.4;22;9654456043;B
20240220;102458;1599;1;9654457904;B
20240220;102458;1599.2;2;9654458007;B
20240220;102500;1599.2;1;9654458695;B
20240220;102501;1599.2;185;9654458859;B
20240220;102501;1599.2;60;9654458860;B
20240220;102501;1599.2;60;9654458861;B
20240220;102501;1599.2;49;9654458862;B
20240220;102501;1599.2;3;9654458863;S
20240220;102501;1599.2;5;9654458864;S
20240220;102501;1599.2;38;9654458865;S
20240220;102502;1599;3;9654459304;S
20240220;102505;1599;18;9654460189;S
20240220;102512;1598.8;47;9654462990;B
20240220;102512;1599;9;9654462991;B
20240220;102512;1599;60;9654462992;B
20240220;102512;1599;13;9654462993;B
20240220;102512;1599.4;100;9654462994;B
20240220;102512;1599.4;60;9654462995;B
20240220;102512;1599.6;6;9654462996;B
20240220;102512;1599.8;188;9654462997;B
20240220;102512;1599.8;63;9654462998;B
20240220;102512;1600;1;9654462999;B
20240220;102512;1600;5;9654463000;B
20240220;102512;1600;1;9654463001;B
20240220;102512;1600;10;9654463002;B
20240220;102512;1600;1;9654463003;B
20240220;102512;1600;2;9654463004;B
20240220;102512;1600;3;9654463005;B
20240220;102512;1600;100;9654463006;B
20240220;102512;1600;100;9654463007;B
20240220;102512;1600.2;4;9654463008;B
20240220;102512;1600.2;60;9654463009;B
20240220;102512;1600.6;1;9654463010;B
20240220;102512;1600.6;1;9654463011;B
20240220;102512;1600.8;3;9654463012;B
20240220;102512;1600.8;162;9654463013;B
20240220;102512;1599;12;9654463049;B
20240220;102521;1599;1;9654465410;B
20240220;102521;1599.4;2;9654465411;B
20240220;102527;1599;13;9654467903;B
20240220;102527;1599.4;44;9654467904;B
20240220;102527;1599.6;60;9654467905;B
20240220;102527;1600;10;9654467906;B
20240220;102527;1600.4;60;9654467907;B
20240220;102527;1600.6;13;9654467908;B
20240220;102529;1598.4;1;9654468209;S
20240220;102529;1599;9;9654468244;B
20240220;102533;1599;3;9654469071;B
20240220;102536;1599;1;9654470560;B
20240220;102536;1599;1;9654470561;B
20240220;102539;1599;11;9654471563;B
20240220;102539;1599;43;9654471564;B
20240220;102539;1599;13;9654471565;B
20240220;102539;1599;8;9654471566;B
20240220;102539;1599.6;60;9654471567;B
20240220;102539;1600;188;9654471568;B
20240220;102539;1600;63;9654471569;B
20240220;102539;1600.2;144;9654471570;B
20240220;102539;1600.6;11;9654471571;B
20240220;102539;1598.6;1;9654471830;S
20240220;102539;1598.6;3;9654471831;S
20240220;102542;1599;13;9654472150;B
20240220;102542;1599;8;9654472156;S
20240220;102542;1599;5;9654472157;S
20240220;102542;1599;13;9654472170;S
20240220;102544;1598.8;1;9654472628;B
20240220;102544;1598;1;9654472648;S
20240220;102548;1598.6;1;9654474613;S
20240220;102548;1598.8;15;9654474628;B
20240220;102608;1598.6;3;9654481051;S
20240220;102608;1598.6;8;9654481052;S
20240220;102608;1598.4;60;9654481053;S
20240220;102608;1598.2;60;9654481054;S
20240220;102608;1598;1;9654481055;S
20240220;102608;1598;1;9654481056;S
20240220;102608;1598;24;9654481057;S
20240220;102608;1598;5;9654481058;S
20240220;102608;1598;1;9654481059;S
20240220;102608;1597.8;22;9654481060;S
20240220;102608;1597.4;40;9654481061;S
20240220;102608;1597.4;100;9654481062;S
20240220;102608;1597.2;3;9654481063;S
20240220;102608;1597.2;226;9654481064;S
20240220;102608;1597;10;9654481065;S
20240220;102608;1597;1;9654481066;S
20240220;102608;1597;1;9654481067;S
20240220;102608;1597;6;9654481068;S
20240220;102608;1597;226;9654481069;S
20240220;102608;1596.8;60;9654481070;S
20240220;102608;1596.6;400;9654481071;S
20240220;102608;1596.6;1;9654481072;S
20240220;102608;1596.6;1;9654481073;S
20240220;102608;1596.2;78;9654481074;S
20240220;102608;1596;10;9654481075;S
20240220;102608;1596;1;9654481076;S
20240220;102608;1596;2;9654481077;S
20240220;102608;1596;1;9654481078;S
20240220;102608;1596;1;9654481079;S
20240220;102608;1596;1;9654481080;S
20240220;102608;1596;1;9654481081;S
20240220;102608;1596;3;9654481082;S
20240220;102608;1596;1;9654481083;S
20240220;102608;1595.8;30;9654481084;S
20240220;102608;1595.8;1;9654481085;S
20240220;102608;1595.6;10;9654481086;S
20240220;102608;1595.6;63;9654481087;S
